%YAML 1.1
%TAG !u! tag:unity3d.com,2011:
--- !u!29 &1
OcclusionCullingSettings:
  m_ObjectHideFlags: 0
  serializedVersion: 2
  m_OcclusionBakeSettings:
    smallestOccluder: 5
    smallestHole: 0.25
    backfaceThreshold: 100
  m_SceneGUID: 00000000000000000000000000000000
  m_OcclusionCullingData: {fileID: 0}
--- !u!104 &2
RenderSettings:
  m_ObjectHideFlags: 0
  serializedVersion: 9
  m_Fog: 0
  m_FogColor: {r: 0.5, g: 0.5, b: 0.5, a: 1}
  m_FogMode: 3
  m_FogDensity: 0.01
  m_LinearFogStart: 0
  m_LinearFogEnd: 300
  m_AmbientSkyColor: {r: 0.212, g: 0.227, b: 0.259, a: 1}
  m_AmbientEquatorColor: {r: 0.114, g: 0.125, b: 0.133, a: 1}
  m_AmbientGroundColor: {r: 0.047, g: 0.043, b: 0.035, a: 1}
  m_AmbientIntensity: 1
  m_AmbientMode: 0
  m_SubtractiveShadowColor: {r: 0.42, g: 0.478, b: 0.627, a: 1}
  m_SkyboxMaterial: {fileID: 10304, guid: 0000000000000000f000000000000000, type: 0}
  m_HaloStrength: 0.5
  m_FlareStrength: 1
  m_FlareFadeSpeed: 3
  m_HaloTexture: {fileID: 0}
  m_SpotCookie: {fileID: 10001, guid: 0000000000000000e000000000000000, type: 0}
  m_DefaultReflectionMode: 0
  m_DefaultReflectionResolution: 128
  m_ReflectionBounces: 1
  m_ReflectionIntensity: 1
  m_CustomReflection: {fileID: 0}
  m_Sun: {fileID: 0}
  m_IndirectSpecularColor: {r: 0.44657844, g: 0.49641222, b: 0.57481694, a: 1}
  m_UseRadianceAmbientProbe: 0
--- !u!157 &3
LightmapSettings:
  m_ObjectHideFlags: 0
  serializedVersion: 11
  m_GIWorkflowMode: 0
  m_GISettings:
    serializedVersion: 2
    m_BounceScale: 1
    m_IndirectOutputScale: 1
    m_AlbedoBoost: 1
    m_EnvironmentLightingMode: 0
    m_EnableBakedLightmaps: 1
    m_EnableRealtimeLightmaps: 1
  m_LightmapEditorSettings:
    serializedVersion: 10
    m_Resolution: 2
    m_BakeResolution: 40
    m_AtlasSize: 1024
    m_AO: 0
    m_AOMaxDistance: 1
    m_CompAOExponent: 1
    m_CompAOExponentDirect: 0
    m_Padding: 2
    m_LightmapParameters: {fileID: 0}
    m_LightmapsBakeMode: 1
    m_TextureCompression: 1
    m_FinalGather: 0
    m_FinalGatherFiltering: 1
    m_FinalGatherRayCount: 256
    m_ReflectionCompression: 2
    m_MixedBakeMode: 2
    m_BakeBackend: 1
    m_PVRSampling: 1
    m_PVRDirectSampleCount: 32
    m_PVRSampleCount: 500
    m_PVRBounces: 2
    m_PVRFilterTypeDirect: 0
    m_PVRFilterTypeIndirect: 0
    m_PVRFilterTypeAO: 0
    m_PVRFilteringMode: 1
    m_PVRCulling: 1
    m_PVRFilteringGaussRadiusDirect: 1
    m_PVRFilteringGaussRadiusIndirect: 5
    m_PVRFilteringGaussRadiusAO: 2
    m_PVRFilteringAtrousPositionSigmaDirect: 0.5
    m_PVRFilteringAtrousPositionSigmaIndirect: 2
    m_PVRFilteringAtrousPositionSigmaAO: 1
    m_ShowResolutionOverlay: 1
  m_LightingDataAsset: {fileID: 0}
  m_UseShadowmask: 1
--- !u!196 &4
NavMeshSettings:
  serializedVersion: 2
  m_ObjectHideFlags: 0
  m_BuildSettings:
    serializedVersion: 2
    agentTypeID: 0
    agentRadius: 0.5
    agentHeight: 2
    agentSlope: 45
    agentClimb: 0.4
    ledgeDropHeight: 0
    maxJumpAcrossDistance: 0
    minRegionArea: 2
    manualCellSize: 0
    cellSize: 0.16666667
    manualTileSize: 0
    tileSize: 256
    accuratePlacement: 0
    debug:
      m_Flags: 0
  m_NavMeshData: {fileID: 0}
--- !u!1 &100468157
GameObject:
  m_ObjectHideFlags: 0
  m_CorrespondingSourceObject: {fileID: 0}
  m_PrefabInstance: {fileID: 0}
  m_PrefabAsset: {fileID: 0}
  serializedVersion: 6
  m_Component:
  - component: {fileID: 100468159}
  - component: {fileID: 100468158}
  m_Layer: 0
  m_Name: Directional Light
  m_TagString: Untagged
  m_Icon: {fileID: 0}
  m_NavMeshLayer: 0
  m_StaticEditorFlags: 0
  m_IsActive: 1
--- !u!108 &100468158
Light:
  m_ObjectHideFlags: 0
  m_CorrespondingSourceObject: {fileID: 0}
  m_PrefabInstance: {fileID: 0}
  m_PrefabAsset: {fileID: 0}
  m_GameObject: {fileID: 100468157}
  m_Enabled: 1
  serializedVersion: 8
  m_Type: 1
  m_Color: {r: 1, g: 0.95686275, b: 0.8392157, a: 1}
  m_Intensity: 1
  m_Range: 10
  m_SpotAngle: 30
  m_CookieSize: 10
  m_Shadows:
    m_Type: 2
    m_Resolution: -1
    m_CustomResolution: -1
    m_Strength: 1
    m_Bias: 0.05
    m_NormalBias: 0.4
    m_NearPlane: 0.2
  m_Cookie: {fileID: 0}
  m_DrawHalo: 0
  m_Flare: {fileID: 0}
  m_RenderMode: 0
  m_CullingMask:
    serializedVersion: 2
    m_Bits: 4294967295
  m_Lightmapping: 4
  m_LightShadowCasterMode: 0
  m_AreaSize: {x: 1, y: 1}
  m_BounceIntensity: 1
  m_ColorTemperature: 6570
  m_UseColorTemperature: 0
  m_ShadowRadius: 0
  m_ShadowAngle: 0
--- !u!4 &100468159
Transform:
  m_ObjectHideFlags: 0
  m_CorrespondingSourceObject: {fileID: 0}
  m_PrefabInstance: {fileID: 0}
  m_PrefabAsset: {fileID: 0}
  m_GameObject: {fileID: 100468157}
  m_LocalRotation: {x: 0.40821788, y: -0.23456968, z: 0.10938163, w: 0.8754261}
  m_LocalPosition: {x: 0, y: 3, z: 0}
  m_LocalScale: {x: 1, y: 1, z: 1}
  m_Children: []
  m_Father: {fileID: 0}
  m_RootOrder: 4
  m_LocalEulerAnglesHint: {x: 50, y: -30, z: 0}
--- !u!1001 &746210764
PrefabInstance:
  m_ObjectHideFlags: 0
  serializedVersion: 2
  m_Modification:
    m_TransformParent: {fileID: 0}
    m_Modifications:
    - target: {fileID: 1917037567054738211, guid: 91dd1732262c3264aa33796fed2aaace,
        type: 3}
      propertyPath: m_Name
      value: Duyen
      objectReference: {fileID: 0}
    - target: {fileID: 1690918168419841822, guid: 91dd1732262c3264aa33796fed2aaace,
        type: 3}
      propertyPath: m_LocalPosition.x
      value: 0
      objectReference: {fileID: 0}
    - target: {fileID: 1690918168419841822, guid: 91dd1732262c3264aa33796fed2aaace,
        type: 3}
      propertyPath: m_LocalPosition.y
      value: 0
      objectReference: {fileID: 0}
    - target: {fileID: 1690918168419841822, guid: 91dd1732262c3264aa33796fed2aaace,
        type: 3}
      propertyPath: m_LocalPosition.z
      value: 0
      objectReference: {fileID: 0}
    - target: {fileID: 1690918168419841822, guid: 91dd1732262c3264aa33796fed2aaace,
        type: 3}
      propertyPath: m_LocalRotation.x
      value: 0
      objectReference: {fileID: 0}
    - target: {fileID: 1690918168419841822, guid: 91dd1732262c3264aa33796fed2aaace,
        type: 3}
      propertyPath: m_LocalRotation.y
      value: 0
      objectReference: {fileID: 0}
    - target: {fileID: 1690918168419841822, guid: 91dd1732262c3264aa33796fed2aaace,
        type: 3}
      propertyPath: m_LocalRotation.z
      value: 0
      objectReference: {fileID: 0}
    - target: {fileID: 1690918168419841822, guid: 91dd1732262c3264aa33796fed2aaace,
        type: 3}
      propertyPath: m_LocalRotation.w
      value: 1
      objectReference: {fileID: 0}
    - target: {fileID: 1690918168419841822, guid: 91dd1732262c3264aa33796fed2aaace,
        type: 3}
      propertyPath: m_RootOrder
      value: 3
      objectReference: {fileID: 0}
    - target: {fileID: 1690918168419841822, guid: 91dd1732262c3264aa33796fed2aaace,
        type: 3}
      propertyPath: m_LocalEulerAnglesHint.x
      value: 0
      objectReference: {fileID: 0}
    - target: {fileID: 1690918168419841822, guid: 91dd1732262c3264aa33796fed2aaace,
        type: 3}
      propertyPath: m_LocalEulerAnglesHint.y
      value: 0
      objectReference: {fileID: 0}
    - target: {fileID: 1690918168419841822, guid: 91dd1732262c3264aa33796fed2aaace,
        type: 3}
      propertyPath: m_LocalEulerAnglesHint.z
      value: 0
      objectReference: {fileID: 0}
    m_RemovedComponents: []
  m_SourcePrefab: {fileID: 100100000, guid: 91dd1732262c3264aa33796fed2aaace, type: 3}
--- !u!114 &746210765 stripped
MonoBehaviour:
  m_CorrespondingSourceObject: {fileID: 5459065056821896590, guid: 91dd1732262c3264aa33796fed2aaace,
    type: 3}
  m_PrefabInstance: {fileID: 746210764}
  m_PrefabAsset: {fileID: 0}
  m_GameObject: {fileID: 0}
  m_Enabled: 1
  m_EditorHideFlags: 0
  m_Script: {fileID: 11500000, guid: 25fb867d2049d41f597aefdd6b19f598, type: 3}
  m_Name: 
  m_EditorClassIdentifier: 
--- !u!1001 &867710513
PrefabInstance:
  m_ObjectHideFlags: 0
  serializedVersion: 2
  m_Modification:
    m_TransformParent: {fileID: 0}
    m_Modifications:
    - target: {fileID: 6132234514833173157, guid: 2ee0678986cd2964fa0df39c1115a888,
        type: 3}
      propertyPath: m_Name
      value: TextBox
      objectReference: {fileID: 0}
    - target: {fileID: 5116170062529455644, guid: 2ee0678986cd2964fa0df39c1115a888,
        type: 3}
      propertyPath: m_LocalPosition.x
      value: 0
      objectReference: {fileID: 0}
    - target: {fileID: 5116170062529455644, guid: 2ee0678986cd2964fa0df39c1115a888,
        type: 3}
      propertyPath: m_LocalPosition.y
      value: 0
      objectReference: {fileID: 0}
    - target: {fileID: 5116170062529455644, guid: 2ee0678986cd2964fa0df39c1115a888,
        type: 3}
      propertyPath: m_LocalPosition.z
      value: 0
      objectReference: {fileID: 0}
    - target: {fileID: 5116170062529455644, guid: 2ee0678986cd2964fa0df39c1115a888,
        type: 3}
      propertyPath: m_LocalRotation.x
      value: 0
      objectReference: {fileID: 0}
    - target: {fileID: 5116170062529455644, guid: 2ee0678986cd2964fa0df39c1115a888,
        type: 3}
      propertyPath: m_LocalRotation.y
      value: 0
      objectReference: {fileID: 0}
    - target: {fileID: 5116170062529455644, guid: 2ee0678986cd2964fa0df39c1115a888,
        type: 3}
      propertyPath: m_LocalRotation.z
      value: 0
      objectReference: {fileID: 0}
    - target: {fileID: 5116170062529455644, guid: 2ee0678986cd2964fa0df39c1115a888,
        type: 3}
      propertyPath: m_LocalRotation.w
      value: 1
      objectReference: {fileID: 0}
    - target: {fileID: 5116170062529455644, guid: 2ee0678986cd2964fa0df39c1115a888,
        type: 3}
      propertyPath: m_RootOrder
      value: 1
      objectReference: {fileID: 0}
    - target: {fileID: 5116170062529455644, guid: 2ee0678986cd2964fa0df39c1115a888,
        type: 3}
      propertyPath: m_LocalEulerAnglesHint.x
      value: 0
      objectReference: {fileID: 0}
    - target: {fileID: 5116170062529455644, guid: 2ee0678986cd2964fa0df39c1115a888,
        type: 3}
      propertyPath: m_LocalEulerAnglesHint.y
      value: 0
      objectReference: {fileID: 0}
    - target: {fileID: 5116170062529455644, guid: 2ee0678986cd2964fa0df39c1115a888,
        type: 3}
      propertyPath: m_LocalEulerAnglesHint.z
      value: 0
      objectReference: {fileID: 0}
    - target: {fileID: 5116170062529455644, guid: 2ee0678986cd2964fa0df39c1115a888,
        type: 3}
      propertyPath: m_AnchoredPosition.x
      value: 0
      objectReference: {fileID: 0}
    - target: {fileID: 5116170062529455644, guid: 2ee0678986cd2964fa0df39c1115a888,
        type: 3}
      propertyPath: m_AnchoredPosition.y
      value: 0
      objectReference: {fileID: 0}
    - target: {fileID: 5116170062529455644, guid: 2ee0678986cd2964fa0df39c1115a888,
        type: 3}
      propertyPath: m_SizeDelta.x
      value: 0
      objectReference: {fileID: 0}
    - target: {fileID: 5116170062529455644, guid: 2ee0678986cd2964fa0df39c1115a888,
        type: 3}
      propertyPath: m_SizeDelta.y
      value: 0
      objectReference: {fileID: 0}
    - target: {fileID: 5116170062529455644, guid: 2ee0678986cd2964fa0df39c1115a888,
        type: 3}
      propertyPath: m_AnchorMin.x
      value: 0
      objectReference: {fileID: 0}
    - target: {fileID: 5116170062529455644, guid: 2ee0678986cd2964fa0df39c1115a888,
        type: 3}
      propertyPath: m_AnchorMin.y
      value: 0
      objectReference: {fileID: 0}
    - target: {fileID: 5116170062529455644, guid: 2ee0678986cd2964fa0df39c1115a888,
        type: 3}
      propertyPath: m_AnchorMax.x
      value: 0
      objectReference: {fileID: 0}
    - target: {fileID: 5116170062529455644, guid: 2ee0678986cd2964fa0df39c1115a888,
        type: 3}
      propertyPath: m_AnchorMax.y
      value: 0
      objectReference: {fileID: 0}
    - target: {fileID: 5116170062529455644, guid: 2ee0678986cd2964fa0df39c1115a888,
        type: 3}
      propertyPath: m_Pivot.x
      value: 0
      objectReference: {fileID: 0}
    - target: {fileID: 5116170062529455644, guid: 2ee0678986cd2964fa0df39c1115a888,
        type: 3}
      propertyPath: m_Pivot.y
      value: 0
      objectReference: {fileID: 0}
    m_RemovedComponents: []
  m_SourcePrefab: {fileID: 100100000, guid: 2ee0678986cd2964fa0df39c1115a888, type: 3}
--- !u!1001 &1360515389
PrefabInstance:
  m_ObjectHideFlags: 0
  serializedVersion: 2
  m_Modification:
    m_TransformParent: {fileID: 0}
    m_Modifications:
    - target: {fileID: 142980, guid: 5e7fbc8d4eb714b279eeeef2262c1e1a, type: 3}
      propertyPath: m_Name
      value: Flowchart
      objectReference: {fileID: 0}
    - target: {fileID: 11433304, guid: 5e7fbc8d4eb714b279eeeef2262c1e1a, type: 3}
      propertyPath: commandList.Array.size
      value: 16
      objectReference: {fileID: 0}
    - target: {fileID: 11433304, guid: 5e7fbc8d4eb714b279eeeef2262c1e1a, type: 3}
      propertyPath: commandList.Array.data[0]
      value: 
      objectReference: {fileID: 1360515429}
    - target: {fileID: 11433304, guid: 5e7fbc8d4eb714b279eeeef2262c1e1a, type: 3}
      propertyPath: commandList.Array.data[1]
      value: 
      objectReference: {fileID: 1360515428}
    - target: {fileID: 11433304, guid: 5e7fbc8d4eb714b279eeeef2262c1e1a, type: 3}
      propertyPath: blockName
      value: Start
      objectReference: {fileID: 0}
    - target: {fileID: 11433304, guid: 5e7fbc8d4eb714b279eeeef2262c1e1a, type: 3}
      propertyPath: commandList.Array.data[2]
      value: 
      objectReference: {fileID: 1360515427}
    - target: {fileID: 11433304, guid: 5e7fbc8d4eb714b279eeeef2262c1e1a, type: 3}
      propertyPath: commandList.Array.data[3]
      value: 
      objectReference: {fileID: 1360515426}
    - target: {fileID: 11433304, guid: 5e7fbc8d4eb714b279eeeef2262c1e1a, type: 3}
      propertyPath: commandList.Array.data[4]
      value: 
      objectReference: {fileID: 1360515425}
    - target: {fileID: 11433304, guid: 5e7fbc8d4eb714b279eeeef2262c1e1a, type: 3}
      propertyPath: commandList.Array.data[5]
      value: 
      objectReference: {fileID: 1360515424}
    - target: {fileID: 11433304, guid: 5e7fbc8d4eb714b279eeeef2262c1e1a, type: 3}
      propertyPath: commandList.Array.data[6]
      value: 
      objectReference: {fileID: 1360515423}
    - target: {fileID: 11433304, guid: 5e7fbc8d4eb714b279eeeef2262c1e1a, type: 3}
      propertyPath: commandList.Array.data[7]
      value: 
      objectReference: {fileID: 1360515419}
    - target: {fileID: 11433304, guid: 5e7fbc8d4eb714b279eeeef2262c1e1a, type: 3}
      propertyPath: commandList.Array.data[8]
      value: 
      objectReference: {fileID: 1360515404}
    - target: {fileID: 11433304, guid: 5e7fbc8d4eb714b279eeeef2262c1e1a, type: 3}
      propertyPath: commandList.Array.data[9]
      value: 
      objectReference: {fileID: 1360515394}
    - target: {fileID: 11433304, guid: 5e7fbc8d4eb714b279eeeef2262c1e1a, type: 3}
      propertyPath: commandList.Array.data[10]
      value: 
      objectReference: {fileID: 1360515393}
    - target: {fileID: 11433304, guid: 5e7fbc8d4eb714b279eeeef2262c1e1a, type: 3}
      propertyPath: commandList.Array.data[11]
      value: 
      objectReference: {fileID: 1360515392}
    - target: {fileID: 11433304, guid: 5e7fbc8d4eb714b279eeeef2262c1e1a, type: 3}
      propertyPath: commandList.Array.data[12]
      value: 
      objectReference: {fileID: 1360515403}
    - target: {fileID: 11433304, guid: 5e7fbc8d4eb714b279eeeef2262c1e1a, type: 3}
      propertyPath: commandList.Array.data[13]
      value: 
      objectReference: {fileID: 1360515442}
    - target: {fileID: 11433304, guid: 5e7fbc8d4eb714b279eeeef2262c1e1a, type: 3}
      propertyPath: commandList.Array.data[14]
      value: 
      objectReference: {fileID: 1360515441}
    - target: {fileID: 11433304, guid: 5e7fbc8d4eb714b279eeeef2262c1e1a, type: 3}
      propertyPath: commandList.Array.data[15]
      value: 
      objectReference: {fileID: 1360515416}
    - target: {fileID: 11433304, guid: 5e7fbc8d4eb714b279eeeef2262c1e1a, type: 3}
      propertyPath: nodeRect.x
      value: 69.63158
      objectReference: {fileID: 0}
    - target: {fileID: 467082, guid: 5e7fbc8d4eb714b279eeeef2262c1e1a, type: 3}
      propertyPath: m_LocalPosition.x
      value: 0
      objectReference: {fileID: 0}
    - target: {fileID: 467082, guid: 5e7fbc8d4eb714b279eeeef2262c1e1a, type: 3}
      propertyPath: m_LocalPosition.y
      value: 0
      objectReference: {fileID: 0}
    - target: {fileID: 467082, guid: 5e7fbc8d4eb714b279eeeef2262c1e1a, type: 3}
      propertyPath: m_LocalPosition.z
      value: 0
      objectReference: {fileID: 0}
    - target: {fileID: 467082, guid: 5e7fbc8d4eb714b279eeeef2262c1e1a, type: 3}
      propertyPath: m_LocalRotation.x
      value: 0
      objectReference: {fileID: 0}
    - target: {fileID: 467082, guid: 5e7fbc8d4eb714b279eeeef2262c1e1a, type: 3}
      propertyPath: m_LocalRotation.y
      value: 0
      objectReference: {fileID: 0}
    - target: {fileID: 467082, guid: 5e7fbc8d4eb714b279eeeef2262c1e1a, type: 3}
      propertyPath: m_LocalRotation.z
      value: 0
      objectReference: {fileID: 0}
    - target: {fileID: 467082, guid: 5e7fbc8d4eb714b279eeeef2262c1e1a, type: 3}
      propertyPath: m_LocalRotation.w
      value: 1
      objectReference: {fileID: 0}
    - target: {fileID: 467082, guid: 5e7fbc8d4eb714b279eeeef2262c1e1a, type: 3}
      propertyPath: m_RootOrder
      value: 6
      objectReference: {fileID: 0}
    - target: {fileID: 467082, guid: 5e7fbc8d4eb714b279eeeef2262c1e1a, type: 3}
      propertyPath: m_LocalEulerAnglesHint.x
      value: 0
      objectReference: {fileID: 0}
    - target: {fileID: 467082, guid: 5e7fbc8d4eb714b279eeeef2262c1e1a, type: 3}
      propertyPath: m_LocalEulerAnglesHint.y
      value: 0
      objectReference: {fileID: 0}
    - target: {fileID: 467082, guid: 5e7fbc8d4eb714b279eeeef2262c1e1a, type: 3}
      propertyPath: m_LocalEulerAnglesHint.z
      value: 0
      objectReference: {fileID: 0}
    - target: {fileID: 11430050, guid: 5e7fbc8d4eb714b279eeeef2262c1e1a, type: 3}
      propertyPath: selectedBlocks.Array.size
      value: 1
      objectReference: {fileID: 0}
    - target: {fileID: 11430050, guid: 5e7fbc8d4eb714b279eeeef2262c1e1a, type: 3}
      propertyPath: variables.Array.size
      value: 10
      objectReference: {fileID: 0}
    - target: {fileID: 11430050, guid: 5e7fbc8d4eb714b279eeeef2262c1e1a, type: 3}
      propertyPath: selectedCommands.Array.size
      value: 1
      objectReference: {fileID: 0}
    - target: {fileID: 11430050, guid: 5e7fbc8d4eb714b279eeeef2262c1e1a, type: 3}
      propertyPath: blockViewHeight
      value: 252
      objectReference: {fileID: 0}
    - target: {fileID: 11430050, guid: 5e7fbc8d4eb714b279eeeef2262c1e1a, type: 3}
      propertyPath: scrollPos.x
      value: 614.7787
      objectReference: {fileID: 0}
    - target: {fileID: 11430050, guid: 5e7fbc8d4eb714b279eeeef2262c1e1a, type: 3}
      propertyPath: scrollPos.y
      value: 155.70114
      objectReference: {fileID: 0}
    - target: {fileID: 11430050, guid: 5e7fbc8d4eb714b279eeeef2262c1e1a, type: 3}
      propertyPath: selectedBlocks.Array.data[0]
      value: 
      objectReference: {fileID: 1360515405}
    - target: {fileID: 11430050, guid: 5e7fbc8d4eb714b279eeeef2262c1e1a, type: 3}
      propertyPath: variables.Array.data[0]
      value: 
      objectReference: {fileID: 1360515401}
    - target: {fileID: 11430050, guid: 5e7fbc8d4eb714b279eeeef2262c1e1a, type: 3}
      propertyPath: variables.Array.data[1]
      value: 
      objectReference: {fileID: 1360515400}
    - target: {fileID: 11430050, guid: 5e7fbc8d4eb714b279eeeef2262c1e1a, type: 3}
      propertyPath: variables.Array.data[2]
      value: 
      objectReference: {fileID: 1360515399}
    - target: {fileID: 11430050, guid: 5e7fbc8d4eb714b279eeeef2262c1e1a, type: 3}
      propertyPath: variables.Array.data[3]
      value: 
      objectReference: {fileID: 1360515397}
    - target: {fileID: 11430050, guid: 5e7fbc8d4eb714b279eeeef2262c1e1a, type: 3}
      propertyPath: selectedCommands.Array.data[0]
      value: 
      objectReference: {fileID: 1360515414}
    - target: {fileID: 11430050, guid: 5e7fbc8d4eb714b279eeeef2262c1e1a, type: 3}
      propertyPath: variables.Array.data[4]
      value: 
      objectReference: {fileID: 1360515409}
    - target: {fileID: 11430050, guid: 5e7fbc8d4eb714b279eeeef2262c1e1a, type: 3}
      propertyPath: variables.Array.data[5]
      value: 
      objectReference: {fileID: 1360515408}
    - target: {fileID: 11430050, guid: 5e7fbc8d4eb714b279eeeef2262c1e1a, type: 3}
      propertyPath: variables.Array.data[6]
      value: 
      objectReference: {fileID: 1360515407}
    - target: {fileID: 11430050, guid: 5e7fbc8d4eb714b279eeeef2262c1e1a, type: 3}
      propertyPath: variables.Array.data[7]
      value: 
      objectReference: {fileID: 1360515406}
    - target: {fileID: 11430050, guid: 5e7fbc8d4eb714b279eeeef2262c1e1a, type: 3}
      propertyPath: zoom
      value: 0.7600002
      objectReference: {fileID: 0}
    - target: {fileID: 11430050, guid: 5e7fbc8d4eb714b279eeeef2262c1e1a, type: 3}
      propertyPath: variables.Array.data[8]
      value: 
      objectReference: {fileID: 1360515398}
    - target: {fileID: 11430050, guid: 5e7fbc8d4eb714b279eeeef2262c1e1a, type: 3}
      propertyPath: variables.Array.data[9]
      value: 
      objectReference: {fileID: 1360515417}
    m_RemovedComponents: []
  m_SourcePrefab: {fileID: 100100000, guid: 5e7fbc8d4eb714b279eeeef2262c1e1a, type: 3}
--- !u!1 &1360515390 stripped
GameObject:
  m_CorrespondingSourceObject: {fileID: 142980, guid: 5e7fbc8d4eb714b279eeeef2262c1e1a,
    type: 3}
  m_PrefabInstance: {fileID: 1360515389}
  m_PrefabAsset: {fileID: 0}
--- !u!114 &1360515391 stripped
MonoBehaviour:
  m_CorrespondingSourceObject: {fileID: 11430050, guid: 5e7fbc8d4eb714b279eeeef2262c1e1a,
    type: 3}
  m_PrefabInstance: {fileID: 1360515389}
  m_PrefabAsset: {fileID: 0}
  m_GameObject: {fileID: 1360515390}
  m_Enabled: 1
  m_EditorHideFlags: 0
  m_Script: {fileID: 11500000, guid: 7a334fe2ffb574b3583ff3b18b4792d3, type: 3}
  m_Name: 
  m_EditorClassIdentifier: 
--- !u!114 &1360515392
MonoBehaviour:
  m_ObjectHideFlags: 2
  m_CorrespondingSourceObject: {fileID: 0}
  m_PrefabInstance: {fileID: 0}
  m_PrefabAsset: {fileID: 0}
  m_GameObject: {fileID: 1360515390}
  m_Enabled: 1
  m_EditorHideFlags: 0
  m_Script: {fileID: 11500000, guid: ec422cd568a9c4a31ad7c36d0572b9da, type: 3}
  m_Name: 
  m_EditorClassIdentifier: 
  itemId: 34
  indentLevel: 0
  storyText: Asks for a potion to unlock his mind further than it's gone before
  description: 
  character: {fileID: 746210765}
  portrait: {fileID: 0}
  voiceOverClip: {fileID: 0}
  showAlways: 1
  showCount: 1
  extendPrevious: 0
  fadeWhenDone: 1
  waitForClick: 1
  stopVoiceover: 1
  waitForVO: 0
  setSayDialog: {fileID: 0}
--- !u!114 &1360515393
MonoBehaviour:
  m_ObjectHideFlags: 2
  m_CorrespondingSourceObject: {fileID: 0}
  m_PrefabInstance: {fileID: 0}
  m_PrefabAsset: {fileID: 0}
  m_GameObject: {fileID: 1360515390}
  m_Enabled: 1
  m_EditorHideFlags: 0
  m_Script: {fileID: 11500000, guid: ec422cd568a9c4a31ad7c36d0572b9da, type: 3}
  m_Name: 
  m_EditorClassIdentifier: 
  itemId: 33
  indentLevel: 0
  storyText: "Says the leaders are frustrated that he hasn't given them any updates
    on his original dream\r"
  description: 
  character: {fileID: 746210765}
  portrait: {fileID: 0}
  voiceOverClip: {fileID: 0}
  showAlways: 1
  showCount: 1
  extendPrevious: 0
  fadeWhenDone: 1
  waitForClick: 1
  stopVoiceover: 1
  waitForVO: 0
  setSayDialog: {fileID: 0}
--- !u!114 &1360515394
MonoBehaviour:
  m_ObjectHideFlags: 2
  m_CorrespondingSourceObject: {fileID: 0}
  m_PrefabInstance: {fileID: 0}
  m_PrefabAsset: {fileID: 0}
  m_GameObject: {fileID: 1360515390}
  m_Enabled: 1
  m_EditorHideFlags: 0
  m_Script: {fileID: 11500000, guid: ec422cd568a9c4a31ad7c36d0572b9da, type: 3}
  m_Name: 
  m_EditorClassIdentifier: 
  itemId: 32
  indentLevel: 0
  storyText: "Says he's worried about his current job; desparately asks the protagonist
    for a mind potion to aid him in keeping it\r."
  description: 
  character: {fileID: 746210765}
  portrait: {fileID: 0}
  voiceOverClip: {fileID: 0}
  showAlways: 1
  showCount: 1
  extendPrevious: 0
  fadeWhenDone: 1
  waitForClick: 1
  stopVoiceover: 1
  waitForVO: 0
  setSayDialog: {fileID: 0}
--- !u!114 &1360515395
MonoBehaviour:
  m_ObjectHideFlags: 2
  m_CorrespondingSourceObject: {fileID: 0}
  m_PrefabInstance: {fileID: 0}
  m_PrefabAsset: {fileID: 0}
  m_GameObject: {fileID: 1360515390}
  m_Enabled: 1
  m_EditorHideFlags: 0
  m_Script: {fileID: 11500000, guid: 050fb9e6e72f442b3b883da8a965bdeb, type: 3}
  m_Name: 
  m_EditorClassIdentifier: 
  itemId: 31
  indentLevel: 0
  targetFlowchart: {fileID: 1360515391}
  targetBlock: {fileID: 1360515411}
  startLabel:
    stringRef: {fileID: 0}
    stringVal: 
  startIndex: 0
  callMode: 0
--- !u!114 &1360515396
MonoBehaviour:
  m_ObjectHideFlags: 2
  m_CorrespondingSourceObject: {fileID: 0}
  m_PrefabInstance: {fileID: 0}
  m_PrefabAsset: {fileID: 0}
  m_GameObject: {fileID: 1360515390}
  m_Enabled: 1
  m_EditorHideFlags: 0
  m_Script: {fileID: 11500000, guid: 050fb9e6e72f442b3b883da8a965bdeb, type: 3}
  m_Name: 
  m_EditorClassIdentifier: 
  itemId: 30
  indentLevel: 0
  targetFlowchart: {fileID: 1360515391}
  targetBlock: {fileID: 1360515411}
  startLabel:
    stringRef: {fileID: 0}
    stringVal: 
  startIndex: 0
  callMode: 0
--- !u!114 &1360515397
MonoBehaviour:
  m_ObjectHideFlags: 2
  m_CorrespondingSourceObject: {fileID: 0}
  m_PrefabInstance: {fileID: 0}
  m_PrefabAsset: {fileID: 0}
  m_GameObject: {fileID: 1360515390}
  m_Enabled: 1
  m_EditorHideFlags: 0
  m_Script: {fileID: 11500000, guid: afb91b566ceda411bad1e9d3c3243ecc, type: 3}
  m_Name: 
  m_EditorClassIdentifier: 
  scope: 1
  key: Potion_Mind
  value: 0
--- !u!114 &1360515398
MonoBehaviour:
  m_ObjectHideFlags: 2
  m_CorrespondingSourceObject: {fileID: 0}
  m_PrefabInstance: {fileID: 0}
  m_PrefabAsset: {fileID: 0}
  m_GameObject: {fileID: 1360515390}
  m_Enabled: 1
  m_EditorHideFlags: 0
  m_Script: {fileID: 11500000, guid: 4580f28dd8581476b810b38eea2f1316, type: 3}
  m_Name: 
  m_EditorClassIdentifier: 
  scope: 1
  key: Next_Appointment
  value: 
--- !u!114 &1360515399
MonoBehaviour:
  m_ObjectHideFlags: 2
  m_CorrespondingSourceObject: {fileID: 0}
  m_PrefabInstance: {fileID: 0}
  m_PrefabAsset: {fileID: 0}
  m_GameObject: {fileID: 1360515390}
  m_Enabled: 1
  m_EditorHideFlags: 0
  m_Script: {fileID: 11500000, guid: afb91b566ceda411bad1e9d3c3243ecc, type: 3}
  m_Name: 
  m_EditorClassIdentifier: 
  scope: 1
  key: Potion_Will
  value: 0
--- !u!114 &1360515400
MonoBehaviour:
  m_ObjectHideFlags: 2
  m_CorrespondingSourceObject: {fileID: 0}
  m_PrefabInstance: {fileID: 0}
  m_PrefabAsset: {fileID: 0}
  m_GameObject: {fileID: 1360515390}
  m_Enabled: 1
  m_EditorHideFlags: 0
  m_Script: {fileID: 11500000, guid: afb91b566ceda411bad1e9d3c3243ecc, type: 3}
  m_Name: 
  m_EditorClassIdentifier: 
  scope: 1
  key: Potion_Charisma
  value: 0
--- !u!114 &1360515401
MonoBehaviour:
  m_ObjectHideFlags: 2
  m_CorrespondingSourceObject: {fileID: 0}
  m_PrefabInstance: {fileID: 0}
  m_PrefabAsset: {fileID: 0}
  m_GameObject: {fileID: 1360515390}
  m_Enabled: 1
  m_EditorHideFlags: 0
  m_Script: {fileID: 11500000, guid: afb91b566ceda411bad1e9d3c3243ecc, type: 3}
  m_Name: 
  m_EditorClassIdentifier: 
  scope: 1
  key: Potion_Body
  value: 0
--- !u!114 &1360515402
MonoBehaviour:
  m_ObjectHideFlags: 2
  m_CorrespondingSourceObject: {fileID: 0}
  m_PrefabInstance: {fileID: 0}
  m_PrefabAsset: {fileID: 0}
  m_GameObject: {fileID: 1360515390}
  m_Enabled: 1
  m_EditorHideFlags: 0
  m_Script: {fileID: 11500000, guid: 3d3d73aef2cfc4f51abf34ac00241f60, type: 3}
  m_Name: 
  m_EditorClassIdentifier: 
  nodeRect:
    serializedVersion: 2
    x: -88.21052
    y: 163.63152
    width: 120
    height: 40
  tint: {r: 1, g: 1, b: 1, a: 1}
  useCustomTint: 0
  itemId: 5
  blockName: Body
  description: 
  eventHandler: {fileID: 0}
  commandList:
  - {fileID: 1360515443}
  - {fileID: 1360515396}
--- !u!114 &1360515403
MonoBehaviour:
  m_ObjectHideFlags: 2
  m_CorrespondingSourceObject: {fileID: 0}
  m_PrefabInstance: {fileID: 0}
  m_PrefabAsset: {fileID: 0}
  m_GameObject: {fileID: 1360515390}
  m_Enabled: 1
  m_EditorHideFlags: 0
  m_Script: {fileID: 11500000, guid: 841589fc622bc494aa5405f416fa1301, type: 3}
  m_Name: 
  m_EditorClassIdentifier: 
  itemId: 6
  indentLevel: 0
  text: Body
  description: 
  targetBlock: {fileID: 1360515402}
  hideIfVisited: 0
  interactable:
    booleanRef: {fileID: 0}
    booleanVal: 1
  setMenuDialog: {fileID: 0}
  hideThisOption:
    booleanRef: {fileID: 0}
    booleanVal: 0
--- !u!114 &1360515404
MonoBehaviour:
  m_ObjectHideFlags: 2
  m_CorrespondingSourceObject: {fileID: 0}
  m_PrefabInstance: {fileID: 0}
  m_PrefabAsset: {fileID: 0}
  m_GameObject: {fileID: 1360515390}
  m_Enabled: 1
  m_EditorHideFlags: 0
  m_Script: {fileID: 11500000, guid: 3ac5ce55bc698fa4290939ef6e426501, type: 3}
  m_Name: 
  m_EditorClassIdentifier: 
  itemId: 35
  indentLevel: 0
  display: 1
  stage: {fileID: 0}
  character: {fileID: 746210765}
  replacedCharacter: {fileID: 0}
  portrait: {fileID: 21300000, guid: 0acac17b87c28c549b41b0a23d7d4922, type: 3}
  offset: 0
  fromPosition: {fileID: 0}
  toPosition: {fileID: 0}
  facing: 0
  useDefaultSettings: 1
  fadeDuration: 0.5
  moveDuration: 1
  shiftOffset: {x: 0, y: 0}
  move: 0
  shiftIntoPlace: 0
  waitUntilFinished: 0
--- !u!114 &1360515405
MonoBehaviour:
  m_ObjectHideFlags: 2
  m_CorrespondingSourceObject: {fileID: 0}
  m_PrefabInstance: {fileID: 0}
  m_PrefabAsset: {fileID: 0}
  m_GameObject: {fileID: 1360515390}
  m_Enabled: 1
  m_EditorHideFlags: 0
  m_Script: {fileID: 11500000, guid: 3d3d73aef2cfc4f51abf34ac00241f60, type: 3}
  m_Name: 
  m_EditorClassIdentifier: 
  nodeRect:
    serializedVersion: 2
    x: 216.3158
    y: 163
    width: 120
    height: 40
  tint: {r: 1, g: 1, b: 1, a: 1}
  useCustomTint: 0
  itemId: 4
  blockName: Will
  description: 
  eventHandler: {fileID: 0}
  commandList:
  - {fileID: 1360515439}
  - {fileID: 1360515395}
--- !u!114 &1360515406
MonoBehaviour:
  m_ObjectHideFlags: 2
  m_CorrespondingSourceObject: {fileID: 0}
  m_PrefabInstance: {fileID: 0}
  m_PrefabAsset: {fileID: 0}
  m_GameObject: {fileID: 1360515390}
  m_Enabled: 1
  m_EditorHideFlags: 0
  m_Script: {fileID: 11500000, guid: afb91b566ceda411bad1e9d3c3243ecc, type: 3}
  m_Name: 
  m_EditorClassIdentifier: 
  scope: 1
  key: duyen_Mind
  value: 0
--- !u!114 &1360515407
MonoBehaviour:
  m_ObjectHideFlags: 2
  m_CorrespondingSourceObject: {fileID: 0}
  m_PrefabInstance: {fileID: 0}
  m_PrefabAsset: {fileID: 0}
  m_GameObject: {fileID: 1360515390}
  m_Enabled: 1
  m_EditorHideFlags: 0
  m_Script: {fileID: 11500000, guid: afb91b566ceda411bad1e9d3c3243ecc, type: 3}
  m_Name: 
  m_EditorClassIdentifier: 
  scope: 1
  key: duyen_Will
  value: 0
--- !u!114 &1360515408
MonoBehaviour:
  m_ObjectHideFlags: 2
  m_CorrespondingSourceObject: {fileID: 0}
  m_PrefabInstance: {fileID: 0}
  m_PrefabAsset: {fileID: 0}
  m_GameObject: {fileID: 1360515390}
  m_Enabled: 1
  m_EditorHideFlags: 0
  m_Script: {fileID: 11500000, guid: afb91b566ceda411bad1e9d3c3243ecc, type: 3}
  m_Name: 
  m_EditorClassIdentifier: 
  scope: 1
  key: duyen_Charisma
  value: 0
--- !u!114 &1360515409
MonoBehaviour:
  m_ObjectHideFlags: 2
  m_CorrespondingSourceObject: {fileID: 0}
  m_PrefabInstance: {fileID: 0}
  m_PrefabAsset: {fileID: 0}
  m_GameObject: {fileID: 1360515390}
  m_Enabled: 1
  m_EditorHideFlags: 0
  m_Script: {fileID: 11500000, guid: afb91b566ceda411bad1e9d3c3243ecc, type: 3}
  m_Name: 
  m_EditorClassIdentifier: 
  scope: 1
  key: duyen_Body
  value: 0
--- !u!114 &1360515410
MonoBehaviour:
  m_ObjectHideFlags: 2
  m_CorrespondingSourceObject: {fileID: 0}
  m_PrefabInstance: {fileID: 0}
  m_PrefabAsset: {fileID: 0}
  m_GameObject: {fileID: 1360515390}
  m_Enabled: 1
  m_EditorHideFlags: 0
  m_Script: {fileID: 11500000, guid: fb77d0ce495044f6e9feb91b31798e8c, type: 3}
  m_Name: 
  m_EditorClassIdentifier: 
  itemId: 23
  indentLevel: 1
  variable: {fileID: 1360515398}
  setOperator: 0
  booleanData:
    booleanRef: {fileID: 0}
    booleanVal: 0
  integerData:
    integerRef: {fileID: 0}
    integerVal: 0
  floatData:
    floatRef: {fileID: 0}
    floatVal: 0
  stringData:
    stringRef: {fileID: 0}
    stringVal: duyen_5a
  animatorData:
    animatorRef: {fileID: 0}
    animatorVal: {fileID: 0}
  audioSourceData:
    audioSourceRef: {fileID: 0}
    audioSourceVal: {fileID: 0}
  colorData:
    colorRef: {fileID: 0}
    colorVal: {r: 0, g: 0, b: 0, a: 0}
  gameObjectData:
    gameObjectRef: {fileID: 0}
    gameObjectVal: {fileID: 0}
  materialData:
    materialRef: {fileID: 0}
    materialVal: {fileID: 0}
  objectData:
    objectRef: {fileID: 0}
    objectVal: {fileID: 0}
  rigidbody2DData:
    rigidbody2DRef: {fileID: 0}
    rigidbody2DVal: {fileID: 0}
  spriteData:
    spriteRef: {fileID: 0}
    spriteVal: {fileID: 0}
  textureData:
    textureRef: {fileID: 0}
    textureVal: {fileID: 0}
  transformData:
    transformRef: {fileID: 0}
    transformVal: {fileID: 0}
  vector2Data:
    vector2Ref: {fileID: 0}
    vector2Val: {x: 0, y: 0}
  vector3Data:
    vector3Ref: {fileID: 0}
    vector3Val: {x: 0, y: 0, z: 0}
--- !u!114 &1360515411
MonoBehaviour:
  m_ObjectHideFlags: 2
  m_CorrespondingSourceObject: {fileID: 0}
  m_PrefabInstance: {fileID: 0}
  m_PrefabAsset: {fileID: 0}
  m_GameObject: {fileID: 1360515390}
  m_Enabled: 1
  m_EditorHideFlags: 0
  m_Script: {fileID: 11500000, guid: 3d3d73aef2cfc4f51abf34ac00241f60, type: 3}
  m_Name: 
  m_EditorClassIdentifier: 
  nodeRect:
    serializedVersion: 2
    x: 65.48442
    y: 248.24615
    width: 124.73682
    height: 40
  tint: {r: 1, g: 1, b: 1, a: 1}
  useCustomTint: 0
  itemId: 9
  blockName: If Statement
  description: 
  eventHandler: {fileID: 0}
  commandList:
  - {fileID: 1360515414}
  - {fileID: 1360515413}
  - {fileID: 1360515438}
  - {fileID: 1360515412}
  - {fileID: 1360515410}
  - {fileID: 1360515437}
--- !u!114 &1360515412
MonoBehaviour:
  m_ObjectHideFlags: 2
  m_CorrespondingSourceObject: {fileID: 0}
  m_PrefabInstance: {fileID: 0}
  m_PrefabAsset: {fileID: 0}
  m_GameObject: {fileID: 1360515390}
  m_Enabled: 1
  m_EditorHideFlags: 0
  m_Script: {fileID: 11500000, guid: 3fa968f01a7f9496bb50e13dfe16760d, type: 3}
  m_Name: 
  m_EditorClassIdentifier: 
  itemId: 22
  indentLevel: 0
--- !u!114 &1360515413
MonoBehaviour:
  m_ObjectHideFlags: 2
  m_CorrespondingSourceObject: {fileID: 0}
  m_PrefabInstance: {fileID: 0}
  m_PrefabAsset: {fileID: 0}
  m_GameObject: {fileID: 1360515390}
  m_Enabled: 1
  m_EditorHideFlags: 0
  m_Script: {fileID: 11500000, guid: fb77d0ce495044f6e9feb91b31798e8c, type: 3}
  m_Name: 
  m_EditorClassIdentifier: 
  itemId: 11
  indentLevel: 1
  variable: {fileID: 1360515398}
  setOperator: 0
  booleanData:
    booleanRef: {fileID: 0}
    booleanVal: 0
  integerData:
    integerRef: {fileID: 0}
    integerVal: 0
  floatData:
    floatRef: {fileID: 0}
    floatVal: 0
  stringData:
    stringRef: {fileID: 0}
    stringVal: duyen_5a
  animatorData:
    animatorRef: {fileID: 0}
    animatorVal: {fileID: 0}
  audioSourceData:
    audioSourceRef: {fileID: 0}
    audioSourceVal: {fileID: 0}
  colorData:
    colorRef: {fileID: 0}
    colorVal: {r: 0, g: 0, b: 0, a: 0}
  gameObjectData:
    gameObjectRef: {fileID: 0}
    gameObjectVal: {fileID: 0}
  materialData:
    materialRef: {fileID: 0}
    materialVal: {fileID: 0}
  objectData:
    objectRef: {fileID: 0}
    objectVal: {fileID: 0}
  rigidbody2DData:
    rigidbody2DRef: {fileID: 0}
    rigidbody2DVal: {fileID: 0}
  spriteData:
    spriteRef: {fileID: 0}
    spriteVal: {fileID: 0}
  textureData:
    textureRef: {fileID: 0}
    textureVal: {fileID: 0}
  transformData:
    transformRef: {fileID: 0}
    transformVal: {fileID: 0}
  vector2Data:
    vector2Ref: {fileID: 0}
    vector2Val: {x: 0, y: 0}
  vector3Data:
    vector3Ref: {fileID: 0}
    vector3Val: {x: 0, y: 0, z: 0}
--- !u!114 &1360515414
MonoBehaviour:
  m_ObjectHideFlags: 2
  m_CorrespondingSourceObject: {fileID: 0}
  m_PrefabInstance: {fileID: 0}
  m_PrefabAsset: {fileID: 0}
  m_GameObject: {fileID: 1360515390}
  m_Enabled: 1
  m_EditorHideFlags: 0
  m_Script: {fileID: 11500000, guid: 70c5622b8a80845c980954170295f292, type: 3}
  m_Name: 
  m_EditorClassIdentifier: 
  itemId: 10
  indentLevel: 0
  compareOperator: 5
  variable: {fileID: 1360515409}
  booleanData:
    booleanRef: {fileID: 0}
    booleanVal: 0
  integerData:
    integerRef: {fileID: 0}
    integerVal: 0
  floatData:
    floatRef: {fileID: 0}
    floatVal: 0
  stringData:
    stringRef: {fileID: 0}
    stringVal: 
  animatorData:
    animatorRef: {fileID: 0}
    animatorVal: {fileID: 0}
  audioSourceData:
    audioSourceRef: {fileID: 0}
    audioSourceVal: {fileID: 0}
  colorData:
    colorRef: {fileID: 0}
    colorVal: {r: 0, g: 0, b: 0, a: 0}
  gameObjectData:
    gameObjectRef: {fileID: 0}
    gameObjectVal: {fileID: 0}
  materialData:
    materialRef: {fileID: 0}
    materialVal: {fileID: 0}
  objectData:
    objectRef: {fileID: 0}
    objectVal: {fileID: 0}
  rigidbody2DData:
    rigidbody2DRef: {fileID: 0}
    rigidbody2DVal: {fileID: 0}
  spriteData:
    spriteRef: {fileID: 0}
    spriteVal: {fileID: 0}
  textureData:
    textureRef: {fileID: 0}
    textureVal: {fileID: 0}
  transformData:
    transformRef: {fileID: 0}
    transformVal: {fileID: 0}
  vector2Data:
    vector2Ref: {fileID: 0}
    vector2Val: {x: 0, y: 0}
  vector3Data:
    vector3Ref: {fileID: 0}
    vector3Val: {x: 0, y: 0, z: 0}
--- !u!114 &1360515415
MonoBehaviour:
  m_ObjectHideFlags: 2
  m_CorrespondingSourceObject: {fileID: 0}
  m_PrefabInstance: {fileID: 0}
  m_PrefabAsset: {fileID: 0}
  m_GameObject: {fileID: 1360515390}
  m_Enabled: 1
  m_EditorHideFlags: 0
  m_Script: {fileID: 11500000, guid: 3d3d73aef2cfc4f51abf34ac00241f60, type: 3}
  m_Name: 
  m_EditorClassIdentifier: 
  nodeRect:
    serializedVersion: 2
    x: -83.19987
    y: 108.772484
    width: 120
    height: 40
  tint: {r: 1, g: 1, b: 1, a: 1}
  useCustomTint: 0
  itemId: 18
  blockName: Mind
  description: 
  eventHandler: {fileID: 0}
  commandList:
  - {fileID: 1360515440}
  - {fileID: 1360515420}
--- !u!114 &1360515416
MonoBehaviour:
  m_ObjectHideFlags: 2
  m_CorrespondingSourceObject: {fileID: 0}
  m_PrefabInstance: {fileID: 0}
  m_PrefabAsset: {fileID: 0}
  m_GameObject: {fileID: 1360515390}
  m_Enabled: 1
  m_EditorHideFlags: 0
  m_Script: {fileID: 11500000, guid: 841589fc622bc494aa5405f416fa1301, type: 3}
  m_Name: 
  m_EditorClassIdentifier: 
  itemId: 19
  indentLevel: 0
  text: Mind
  description: 
  targetBlock: {fileID: 1360515415}
  hideIfVisited: 0
  interactable:
    booleanRef: {fileID: 0}
    booleanVal: 1
  setMenuDialog: {fileID: 0}
  hideThisOption:
    booleanRef: {fileID: 0}
    booleanVal: 0
--- !u!114 &1360515417
MonoBehaviour:
  m_ObjectHideFlags: 2
  m_CorrespondingSourceObject: {fileID: 0}
  m_PrefabInstance: {fileID: 0}
  m_PrefabAsset: {fileID: 0}
  m_GameObject: {fileID: 1360515390}
  m_Enabled: 1
  m_EditorHideFlags: 0
  m_Script: {fileID: 11500000, guid: 4580f28dd8581476b810b38eea2f1316, type: 3}
  m_Name: 
  m_EditorClassIdentifier: 
  scope: 0
  key: Brewing_Scene
  value: Heart 100 Brewing
--- !u!114 &1360515418
MonoBehaviour:
  m_ObjectHideFlags: 2
  m_CorrespondingSourceObject: {fileID: 0}
  m_PrefabInstance: {fileID: 0}
  m_PrefabAsset: {fileID: 0}
  m_GameObject: {fileID: 1360515390}
  m_Enabled: 1
  m_EditorHideFlags: 0
  m_Script: {fileID: 11500000, guid: 3d3d73aef2cfc4f51abf34ac00241f60, type: 3}
  m_Name: 
  m_EditorClassIdentifier: 
  nodeRect:
    serializedVersion: 2
    x: 219.4317
    y: 111.40407
    width: 120
    height: 40
  tint: {r: 1, g: 1, b: 1, a: 1}
  useCustomTint: 0
  itemId: 16
  blockName: Charisma
  description: 
  eventHandler: {fileID: 0}
  commandList:
  - {fileID: 1360515421}
  - {fileID: 1360515422}
--- !u!114 &1360515419
MonoBehaviour:
  m_ObjectHideFlags: 2
  m_CorrespondingSourceObject: {fileID: 0}
  m_PrefabInstance: {fileID: 0}
  m_PrefabAsset: {fileID: 0}
  m_GameObject: {fileID: 1360515390}
  m_Enabled: 1
  m_EditorHideFlags: 0
  m_Script: {fileID: 11500000, guid: 23c657364a3b24e16bdf5946729a8b7b, type: 3}
  m_Name: 
  m_EditorClassIdentifier: 
  itemId: 65
  indentLevel: 0
  key: Potion_Mind
  variable: {fileID: 1360515397}
--- !u!114 &1360515420
MonoBehaviour:
  m_ObjectHideFlags: 2
  m_CorrespondingSourceObject: {fileID: 0}
  m_PrefabInstance: {fileID: 0}
  m_PrefabAsset: {fileID: 0}
  m_GameObject: {fileID: 1360515390}
  m_Enabled: 1
  m_EditorHideFlags: 0
  m_Script: {fileID: 11500000, guid: 050fb9e6e72f442b3b883da8a965bdeb, type: 3}
  m_Name: 
  m_EditorClassIdentifier: 
  itemId: 27
  indentLevel: 0
  targetFlowchart: {fileID: 1360515391}
  targetBlock: {fileID: 1360515411}
  startLabel:
    stringRef: {fileID: 0}
    stringVal: 
  startIndex: 0
  callMode: 0
--- !u!114 &1360515421
MonoBehaviour:
  m_ObjectHideFlags: 2
  m_CorrespondingSourceObject: {fileID: 0}
  m_PrefabInstance: {fileID: 0}
  m_PrefabAsset: {fileID: 0}
  m_GameObject: {fileID: 1360515390}
  m_Enabled: 1
  m_EditorHideFlags: 0
  m_Script: {fileID: 11500000, guid: fb77d0ce495044f6e9feb91b31798e8c, type: 3}
  m_Name: 
  m_EditorClassIdentifier: 
  itemId: 28
  indentLevel: 0
  variable: {fileID: 1360515408}
  setOperator: 0
  booleanData:
    booleanRef: {fileID: 0}
    booleanVal: 0
  integerData:
    integerRef: {fileID: 1360515400}
    integerVal: 0
  floatData:
    floatRef: {fileID: 0}
    floatVal: 0
  stringData:
    stringRef: {fileID: 0}
    stringVal: 
  animatorData:
    animatorRef: {fileID: 0}
    animatorVal: {fileID: 0}
  audioSourceData:
    audioSourceRef: {fileID: 0}
    audioSourceVal: {fileID: 0}
  colorData:
    colorRef: {fileID: 0}
    colorVal: {r: 0, g: 0, b: 0, a: 0}
  gameObjectData:
    gameObjectRef: {fileID: 0}
    gameObjectVal: {fileID: 0}
  materialData:
    materialRef: {fileID: 0}
    materialVal: {fileID: 0}
  objectData:
    objectRef: {fileID: 0}
    objectVal: {fileID: 0}
  rigidbody2DData:
    rigidbody2DRef: {fileID: 0}
    rigidbody2DVal: {fileID: 0}
  spriteData:
    spriteRef: {fileID: 0}
    spriteVal: {fileID: 0}
  textureData:
    textureRef: {fileID: 0}
    textureVal: {fileID: 0}
  transformData:
    transformRef: {fileID: 0}
    transformVal: {fileID: 0}
  vector2Data:
    vector2Ref: {fileID: 0}
    vector2Val: {x: 0, y: 0}
  vector3Data:
    vector3Ref: {fileID: 0}
    vector3Val: {x: 0, y: 0, z: 0}
--- !u!114 &1360515422
MonoBehaviour:
  m_ObjectHideFlags: 2
  m_CorrespondingSourceObject: {fileID: 0}
  m_PrefabInstance: {fileID: 0}
  m_PrefabAsset: {fileID: 0}
  m_GameObject: {fileID: 1360515390}
  m_Enabled: 1
  m_EditorHideFlags: 0
  m_Script: {fileID: 11500000, guid: 050fb9e6e72f442b3b883da8a965bdeb, type: 3}
  m_Name: 
  m_EditorClassIdentifier: 
  itemId: 29
  indentLevel: 0
  targetFlowchart: {fileID: 1360515391}
  targetBlock: {fileID: 1360515411}
  startLabel:
    stringRef: {fileID: 0}
    stringVal: 
  startIndex: 0
  callMode: 0
--- !u!114 &1360515423
MonoBehaviour:
  m_ObjectHideFlags: 2
  m_CorrespondingSourceObject: {fileID: 0}
  m_PrefabInstance: {fileID: 0}
  m_PrefabAsset: {fileID: 0}
  m_GameObject: {fileID: 1360515390}
  m_Enabled: 1
  m_EditorHideFlags: 0
  m_Script: {fileID: 11500000, guid: 23c657364a3b24e16bdf5946729a8b7b, type: 3}
  m_Name: 
  m_EditorClassIdentifier: 
  itemId: 64
  indentLevel: 0
  key: Potion_Will
  variable: {fileID: 1360515399}
--- !u!114 &1360515424
MonoBehaviour:
  m_ObjectHideFlags: 2
  m_CorrespondingSourceObject: {fileID: 0}
  m_PrefabInstance: {fileID: 0}
  m_PrefabAsset: {fileID: 0}
  m_GameObject: {fileID: 1360515390}
  m_Enabled: 1
  m_EditorHideFlags: 0
  m_Script: {fileID: 11500000, guid: 23c657364a3b24e16bdf5946729a8b7b, type: 3}
  m_Name: 
  m_EditorClassIdentifier: 
  itemId: 63
  indentLevel: 0
  key: Potion_Charisma
  variable: {fileID: 1360515400}
--- !u!114 &1360515425
MonoBehaviour:
  m_ObjectHideFlags: 2
  m_CorrespondingSourceObject: {fileID: 0}
  m_PrefabInstance: {fileID: 0}
  m_PrefabAsset: {fileID: 0}
  m_GameObject: {fileID: 1360515390}
  m_Enabled: 1
  m_EditorHideFlags: 0
  m_Script: {fileID: 11500000, guid: 23c657364a3b24e16bdf5946729a8b7b, type: 3}
  m_Name: 
  m_EditorClassIdentifier: 
  itemId: 62
  indentLevel: 0
  key: Potion_Body
  variable: {fileID: 1360515401}
--- !u!114 &1360515426
MonoBehaviour:
  m_ObjectHideFlags: 2
  m_CorrespondingSourceObject: {fileID: 0}
  m_PrefabInstance: {fileID: 0}
  m_PrefabAsset: {fileID: 0}
  m_GameObject: {fileID: 1360515390}
  m_Enabled: 1
  m_EditorHideFlags: 0
  m_Script: {fileID: 11500000, guid: 23c657364a3b24e16bdf5946729a8b7b, type: 3}
  m_Name: 
  m_EditorClassIdentifier: 
  itemId: 61
  indentLevel: 0
  key: duyen_Mind
  variable: {fileID: 1360515406}
--- !u!114 &1360515427
MonoBehaviour:
  m_ObjectHideFlags: 2
  m_CorrespondingSourceObject: {fileID: 0}
  m_PrefabInstance: {fileID: 0}
  m_PrefabAsset: {fileID: 0}
  m_GameObject: {fileID: 1360515390}
  m_Enabled: 1
  m_EditorHideFlags: 0
  m_Script: {fileID: 11500000, guid: 23c657364a3b24e16bdf5946729a8b7b, type: 3}
  m_Name: 
  m_EditorClassIdentifier: 
  itemId: 60
  indentLevel: 0
  key: duyen_Will
  variable: {fileID: 1360515407}
--- !u!114 &1360515428
MonoBehaviour:
  m_ObjectHideFlags: 2
  m_CorrespondingSourceObject: {fileID: 0}
  m_PrefabInstance: {fileID: 0}
  m_PrefabAsset: {fileID: 0}
  m_GameObject: {fileID: 1360515390}
  m_Enabled: 1
  m_EditorHideFlags: 0
  m_Script: {fileID: 11500000, guid: 23c657364a3b24e16bdf5946729a8b7b, type: 3}
  m_Name: 
  m_EditorClassIdentifier: 
  itemId: 59
  indentLevel: 0
  key: duyen_Charisma
  variable: {fileID: 1360515408}
--- !u!114 &1360515429
MonoBehaviour:
  m_ObjectHideFlags: 2
  m_CorrespondingSourceObject: {fileID: 0}
  m_PrefabInstance: {fileID: 0}
  m_PrefabAsset: {fileID: 0}
  m_GameObject: {fileID: 1360515390}
  m_Enabled: 1
  m_EditorHideFlags: 0
  m_Script: {fileID: 11500000, guid: 23c657364a3b24e16bdf5946729a8b7b, type: 3}
  m_Name: 
  m_EditorClassIdentifier: 
  itemId: 58
  indentLevel: 0
  key: duyen_Body
  variable: {fileID: 1360515409}
--- !u!114 &1360515430
MonoBehaviour:
  m_ObjectHideFlags: 2
  m_CorrespondingSourceObject: {fileID: 0}
  m_PrefabInstance: {fileID: 0}
  m_PrefabAsset: {fileID: 0}
  m_GameObject: {fileID: 1360515390}
  m_Enabled: 1
  m_EditorHideFlags: 0
  m_Script: {fileID: 11500000, guid: 3d3d73aef2cfc4f51abf34ac00241f60, type: 3}
  m_Name: 
  m_EditorClassIdentifier: 
  nodeRect:
    serializedVersion: 2
    x: 55.221115
    y: 324.29865
    width: 136.31577
    height: 40
  tint: {r: 1, g: 1, b: 1, a: 1}
  useCustomTint: 0
  itemId: 54
  blockName: Variable Saves
  description: 
  eventHandler: {fileID: 0}
  commandList:
  - {fileID: 1360515436}
  - {fileID: 1360515435}
  - {fileID: 1360515434}
  - {fileID: 1360515433}
  - {fileID: 1360515432}
  - {fileID: 1360515431}
--- !u!114 &1360515431
MonoBehaviour:
  m_ObjectHideFlags: 2
  m_CorrespondingSourceObject: {fileID: 0}
  m_PrefabInstance: {fileID: 0}
  m_PrefabAsset: {fileID: 0}
  m_GameObject: {fileID: 1360515390}
  m_Enabled: 1
  m_EditorHideFlags: 0
  m_Script: {fileID: 11500000, guid: 00d03ae0919f04264b018681ed534177, type: 3}
  m_Name: 
  m_EditorClassIdentifier: 
  itemId: 72
  indentLevel: 0
  _sceneName:
    stringRef: {fileID: 1360515417}
    stringVal: 
  loadingImage: {fileID: 0}
  sceneNameOLD: 
--- !u!114 &1360515432
MonoBehaviour:
  m_ObjectHideFlags: 2
  m_CorrespondingSourceObject: {fileID: 0}
  m_PrefabInstance: {fileID: 0}
  m_PrefabAsset: {fileID: 0}
  m_GameObject: {fileID: 1360515390}
  m_Enabled: 1
  m_EditorHideFlags: 0
  m_Script: {fileID: 11500000, guid: 1bef7966140464bd5a3ef4da2ff236b9, type: 3}
  m_Name: 
  m_EditorClassIdentifier: 
  itemId: 71
  indentLevel: 0
  key: Next_Appointment
  variable: {fileID: 1360515398}
--- !u!114 &1360515433
MonoBehaviour:
  m_ObjectHideFlags: 2
  m_CorrespondingSourceObject: {fileID: 0}
  m_PrefabInstance: {fileID: 0}
  m_PrefabAsset: {fileID: 0}
  m_GameObject: {fileID: 1360515390}
  m_Enabled: 1
  m_EditorHideFlags: 0
  m_Script: {fileID: 11500000, guid: 1bef7966140464bd5a3ef4da2ff236b9, type: 3}
  m_Name: 
  m_EditorClassIdentifier: 
  itemId: 70
  indentLevel: 0
  key: duyen_Mind
  variable: {fileID: 1360515406}
--- !u!114 &1360515434
MonoBehaviour:
  m_ObjectHideFlags: 2
  m_CorrespondingSourceObject: {fileID: 0}
  m_PrefabInstance: {fileID: 0}
  m_PrefabAsset: {fileID: 0}
  m_GameObject: {fileID: 1360515390}
  m_Enabled: 1
  m_EditorHideFlags: 0
  m_Script: {fileID: 11500000, guid: 1bef7966140464bd5a3ef4da2ff236b9, type: 3}
  m_Name: 
  m_EditorClassIdentifier: 
  itemId: 69
  indentLevel: 0
  key: duyen_Will
  variable: {fileID: 1360515407}
--- !u!114 &1360515435
MonoBehaviour:
  m_ObjectHideFlags: 2
  m_CorrespondingSourceObject: {fileID: 0}
  m_PrefabInstance: {fileID: 0}
  m_PrefabAsset: {fileID: 0}
  m_GameObject: {fileID: 1360515390}
  m_Enabled: 1
  m_EditorHideFlags: 0
  m_Script: {fileID: 11500000, guid: 1bef7966140464bd5a3ef4da2ff236b9, type: 3}
  m_Name: 
  m_EditorClassIdentifier: 
  itemId: 68
  indentLevel: 0
  key: duyen_Charisma
  variable: {fileID: 1360515408}
--- !u!114 &1360515436
MonoBehaviour:
  m_ObjectHideFlags: 2
  m_CorrespondingSourceObject: {fileID: 0}
  m_PrefabInstance: {fileID: 0}
  m_PrefabAsset: {fileID: 0}
  m_GameObject: {fileID: 1360515390}
  m_Enabled: 1
  m_EditorHideFlags: 0
  m_Script: {fileID: 11500000, guid: 1bef7966140464bd5a3ef4da2ff236b9, type: 3}
  m_Name: 
  m_EditorClassIdentifier: 
  itemId: 67
  indentLevel: 0
  key: duyen_Body
  variable: {fileID: 1360515409}
--- !u!114 &1360515437
MonoBehaviour:
  m_ObjectHideFlags: 2
  m_CorrespondingSourceObject: {fileID: 0}
  m_PrefabInstance: {fileID: 0}
  m_PrefabAsset: {fileID: 0}
  m_GameObject: {fileID: 1360515390}
  m_Enabled: 1
  m_EditorHideFlags: 0
  m_Script: {fileID: 11500000, guid: 050fb9e6e72f442b3b883da8a965bdeb, type: 3}
  m_Name: 
  m_EditorClassIdentifier: 
  itemId: 78
  indentLevel: 1
  targetFlowchart: {fileID: 0}
  targetBlock: {fileID: 1360515430}
  startLabel:
    stringRef: {fileID: 0}
    stringVal: 
  startIndex: 0
  callMode: 0
--- !u!114 &1360515438
MonoBehaviour:
  m_ObjectHideFlags: 2
  m_CorrespondingSourceObject: {fileID: 0}
  m_PrefabInstance: {fileID: 0}
  m_PrefabAsset: {fileID: 0}
  m_GameObject: {fileID: 1360515390}
  m_Enabled: 1
  m_EditorHideFlags: 0
  m_Script: {fileID: 11500000, guid: 050fb9e6e72f442b3b883da8a965bdeb, type: 3}
  m_Name: 
  m_EditorClassIdentifier: 
  itemId: 79
  indentLevel: 1
  targetFlowchart: {fileID: 0}
  targetBlock: {fileID: 1360515430}
  startLabel:
    stringRef: {fileID: 0}
    stringVal: 
  startIndex: 0
  callMode: 0
--- !u!114 &1360515439
MonoBehaviour:
  m_ObjectHideFlags: 2
  m_CorrespondingSourceObject: {fileID: 0}
  m_PrefabInstance: {fileID: 0}
  m_PrefabAsset: {fileID: 0}
  m_GameObject: {fileID: 1360515390}
  m_Enabled: 1
  m_EditorHideFlags: 0
  m_Script: {fileID: 11500000, guid: fb77d0ce495044f6e9feb91b31798e8c, type: 3}
  m_Name: 
  m_EditorClassIdentifier: 
  itemId: 77
  indentLevel: 0
  variable: {fileID: 1360515407}
  setOperator: 2
  booleanData:
    booleanRef: {fileID: 0}
    booleanVal: 0
  integerData:
    integerRef: {fileID: 1360515399}
    integerVal: 0
  floatData:
    floatRef: {fileID: 0}
    floatVal: 0
  stringData:
    stringRef: {fileID: 0}
    stringVal: 
  animatorData:
    animatorRef: {fileID: 0}
    animatorVal: {fileID: 0}
  audioSourceData:
    audioSourceRef: {fileID: 0}
    audioSourceVal: {fileID: 0}
  colorData:
    colorRef: {fileID: 0}
    colorVal: {r: 0, g: 0, b: 0, a: 0}
  gameObjectData:
    gameObjectRef: {fileID: 0}
    gameObjectVal: {fileID: 0}
  materialData:
    materialRef: {fileID: 0}
    materialVal: {fileID: 0}
  objectData:
    objectRef: {fileID: 0}
    objectVal: {fileID: 0}
  rigidbody2DData:
    rigidbody2DRef: {fileID: 0}
    rigidbody2DVal: {fileID: 0}
  spriteData:
    spriteRef: {fileID: 0}
    spriteVal: {fileID: 0}
  textureData:
    textureRef: {fileID: 0}
    textureVal: {fileID: 0}
  transformData:
    transformRef: {fileID: 0}
    transformVal: {fileID: 0}
  vector2Data:
    vector2Ref: {fileID: 0}
    vector2Val: {x: 0, y: 0}
  vector3Data:
    vector3Ref: {fileID: 0}
    vector3Val: {x: 0, y: 0, z: 0}
--- !u!114 &1360515440
MonoBehaviour:
  m_ObjectHideFlags: 2
  m_CorrespondingSourceObject: {fileID: 0}
  m_PrefabInstance: {fileID: 0}
  m_PrefabAsset: {fileID: 0}
  m_GameObject: {fileID: 1360515390}
  m_Enabled: 1
  m_EditorHideFlags: 0
  m_Script: {fileID: 11500000, guid: fb77d0ce495044f6e9feb91b31798e8c, type: 3}
  m_Name: 
  m_EditorClassIdentifier: 
  itemId: 75
  indentLevel: 0
  variable: {fileID: 1360515406}
  setOperator: 2
  booleanData:
    booleanRef: {fileID: 0}
    booleanVal: 0
  integerData:
    integerRef: {fileID: 1360515397}
    integerVal: 0
  floatData:
    floatRef: {fileID: 0}
    floatVal: 0
  stringData:
    stringRef: {fileID: 0}
    stringVal: 
  animatorData:
    animatorRef: {fileID: 0}
    animatorVal: {fileID: 0}
  audioSourceData:
    audioSourceRef: {fileID: 0}
    audioSourceVal: {fileID: 0}
  colorData:
    colorRef: {fileID: 0}
    colorVal: {r: 0, g: 0, b: 0, a: 0}
  gameObjectData:
    gameObjectRef: {fileID: 0}
    gameObjectVal: {fileID: 0}
  materialData:
    materialRef: {fileID: 0}
    materialVal: {fileID: 0}
  objectData:
    objectRef: {fileID: 0}
    objectVal: {fileID: 0}
  rigidbody2DData:
    rigidbody2DRef: {fileID: 0}
    rigidbody2DVal: {fileID: 0}
  spriteData:
    spriteRef: {fileID: 0}
    spriteVal: {fileID: 0}
  textureData:
    textureRef: {fileID: 0}
    textureVal: {fileID: 0}
  transformData:
    transformRef: {fileID: 0}
    transformVal: {fileID: 0}
  vector2Data:
    vector2Ref: {fileID: 0}
    vector2Val: {x: 0, y: 0}
  vector3Data:
    vector3Ref: {fileID: 0}
    vector3Val: {x: 0, y: 0, z: 0}
--- !u!114 &1360515441
MonoBehaviour:
  m_ObjectHideFlags: 2
  m_CorrespondingSourceObject: {fileID: 0}
  m_PrefabInstance: {fileID: 0}
  m_PrefabAsset: {fileID: 0}
  m_GameObject: {fileID: 1360515390}
  m_Enabled: 1
  m_EditorHideFlags: 0
  m_Script: {fileID: 11500000, guid: 841589fc622bc494aa5405f416fa1301, type: 3}
  m_Name: 
  m_EditorClassIdentifier: 
  itemId: 73
  indentLevel: 0
  text: Will
  description: 
  targetBlock: {fileID: 1360515405}
  hideIfVisited: 0
  interactable:
    booleanRef: {fileID: 0}
    booleanVal: 1
  setMenuDialog: {fileID: 0}
  hideThisOption:
    booleanRef: {fileID: 0}
    booleanVal: 0
--- !u!114 &1360515442
MonoBehaviour:
  m_ObjectHideFlags: 2
  m_CorrespondingSourceObject: {fileID: 0}
  m_PrefabInstance: {fileID: 0}
  m_PrefabAsset: {fileID: 0}
  m_GameObject: {fileID: 1360515390}
  m_Enabled: 1
  m_EditorHideFlags: 0
  m_Script: {fileID: 11500000, guid: 841589fc622bc494aa5405f416fa1301, type: 3}
  m_Name: 
  m_EditorClassIdentifier: 
  itemId: 74
  indentLevel: 0
  text: Charisma
  description: 
  targetBlock: {fileID: 1360515418}
  hideIfVisited: 0
  interactable:
    booleanRef: {fileID: 0}
    booleanVal: 1
  setMenuDialog: {fileID: 0}
  hideThisOption:
    booleanRef: {fileID: 0}
    booleanVal: 0
--- !u!114 &1360515443
MonoBehaviour:
  m_ObjectHideFlags: 2
  m_CorrespondingSourceObject: {fileID: 0}
  m_PrefabInstance: {fileID: 0}
  m_PrefabAsset: {fileID: 0}
  m_GameObject: {fileID: 1360515390}
  m_Enabled: 1
  m_EditorHideFlags: 0
  m_Script: {fileID: 11500000, guid: fb77d0ce495044f6e9feb91b31798e8c, type: 3}
  m_Name: 
  m_EditorClassIdentifier: 
  itemId: 76
  indentLevel: 0
  variable: {fileID: 1360515409}
  setOperator: 2
  booleanData:
    booleanRef: {fileID: 0}
    booleanVal: 0
  integerData:
    integerRef: {fileID: 1360515401}
    integerVal: 0
  floatData:
    floatRef: {fileID: 0}
    floatVal: 0
  stringData:
    stringRef: {fileID: 0}
    stringVal: 
  animatorData:
    animatorRef: {fileID: 0}
    animatorVal: {fileID: 0}
  audioSourceData:
    audioSourceRef: {fileID: 0}
    audioSourceVal: {fileID: 0}
  colorData:
    colorRef: {fileID: 0}
    colorVal: {r: 0, g: 0, b: 0, a: 0}
  gameObjectData:
    gameObjectRef: {fileID: 0}
    gameObjectVal: {fileID: 0}
  materialData:
    materialRef: {fileID: 0}
    materialVal: {fileID: 0}
  objectData:
    objectRef: {fileID: 0}
    objectVal: {fileID: 0}
  rigidbody2DData:
    rigidbody2DRef: {fileID: 0}
    rigidbody2DVal: {fileID: 0}
  spriteData:
    spriteRef: {fileID: 0}
    spriteVal: {fileID: 0}
  textureData:
    textureRef: {fileID: 0}
    textureVal: {fileID: 0}
  transformData:
    transformRef: {fileID: 0}
    transformVal: {fileID: 0}
  vector2Data:
    vector2Ref: {fileID: 0}
    vector2Val: {x: 0, y: 0}
  vector3Data:
    vector3Ref: {fileID: 0}
    vector3Val: {x: 0, y: 0, z: 0}
--- !u!1001 &1441221720
PrefabInstance:
  m_ObjectHideFlags: 0
  serializedVersion: 2
  m_Modification:
    m_TransformParent: {fileID: 0}
    m_Modifications:
    - target: {fileID: 110274, guid: c6289d5f8fa843145a2355af9cb09719, type: 3}
      propertyPath: m_Name
      value: Stage
      objectReference: {fileID: 0}
    - target: {fileID: 410270, guid: c6289d5f8fa843145a2355af9cb09719, type: 3}
      propertyPath: m_LocalPosition.x
      value: 0
      objectReference: {fileID: 0}
    - target: {fileID: 410270, guid: c6289d5f8fa843145a2355af9cb09719, type: 3}
      propertyPath: m_LocalPosition.y
      value: 0
      objectReference: {fileID: 0}
    - target: {fileID: 410270, guid: c6289d5f8fa843145a2355af9cb09719, type: 3}
      propertyPath: m_LocalPosition.z
      value: 0
      objectReference: {fileID: 0}
    - target: {fileID: 410270, guid: c6289d5f8fa843145a2355af9cb09719, type: 3}
      propertyPath: m_LocalRotation.x
      value: 0
      objectReference: {fileID: 0}
    - target: {fileID: 410270, guid: c6289d5f8fa843145a2355af9cb09719, type: 3}
      propertyPath: m_LocalRotation.y
      value: 0
      objectReference: {fileID: 0}
    - target: {fileID: 410270, guid: c6289d5f8fa843145a2355af9cb09719, type: 3}
      propertyPath: m_LocalRotation.z
      value: 0
      objectReference: {fileID: 0}
    - target: {fileID: 410270, guid: c6289d5f8fa843145a2355af9cb09719, type: 3}
      propertyPath: m_LocalRotation.w
      value: 1
      objectReference: {fileID: 0}
    - target: {fileID: 410270, guid: c6289d5f8fa843145a2355af9cb09719, type: 3}
      propertyPath: m_RootOrder
      value: 2
      objectReference: {fileID: 0}
    - target: {fileID: 410270, guid: c6289d5f8fa843145a2355af9cb09719, type: 3}
      propertyPath: m_LocalEulerAnglesHint.x
      value: 0
      objectReference: {fileID: 0}
    - target: {fileID: 410270, guid: c6289d5f8fa843145a2355af9cb09719, type: 3}
      propertyPath: m_LocalEulerAnglesHint.y
      value: 0
      objectReference: {fileID: 0}
    - target: {fileID: 410270, guid: c6289d5f8fa843145a2355af9cb09719, type: 3}
      propertyPath: m_LocalEulerAnglesHint.z
      value: 0
      objectReference: {fileID: 0}
    m_RemovedComponents: []
  m_SourcePrefab: {fileID: 100100000, guid: c6289d5f8fa843145a2355af9cb09719, type: 3}
--- !u!1001 &1713231483
PrefabInstance:
  m_ObjectHideFlags: 0
  serializedVersion: 2
  m_Modification:
    m_TransformParent: {fileID: 0}
    m_Modifications:
    - target: {fileID: 179528, guid: 6ba8287b46c1545a789e1b569cad35eb, type: 3}
      propertyPath: m_Name
      value: EventSystem
      objectReference: {fileID: 0}
    - target: {fileID: 479528, guid: 6ba8287b46c1545a789e1b569cad35eb, type: 3}
      propertyPath: m_LocalPosition.x
      value: 0
      objectReference: {fileID: 0}
    - target: {fileID: 479528, guid: 6ba8287b46c1545a789e1b569cad35eb, type: 3}
      propertyPath: m_LocalPosition.y
      value: 0
      objectReference: {fileID: 0}
    - target: {fileID: 479528, guid: 6ba8287b46c1545a789e1b569cad35eb, type: 3}
      propertyPath: m_LocalPosition.z
      value: 0
      objectReference: {fileID: 0}
    - target: {fileID: 479528, guid: 6ba8287b46c1545a789e1b569cad35eb, type: 3}
      propertyPath: m_LocalRotation.x
      value: 0
      objectReference: {fileID: 0}
    - target: {fileID: 479528, guid: 6ba8287b46c1545a789e1b569cad35eb, type: 3}
      propertyPath: m_LocalRotation.y
      value: 0
      objectReference: {fileID: 0}
    - target: {fileID: 479528, guid: 6ba8287b46c1545a789e1b569cad35eb, type: 3}
      propertyPath: m_LocalRotation.z
      value: 0
      objectReference: {fileID: 0}
    - target: {fileID: 479528, guid: 6ba8287b46c1545a789e1b569cad35eb, type: 3}
      propertyPath: m_LocalRotation.w
      value: 1
      objectReference: {fileID: 0}
    - target: {fileID: 479528, guid: 6ba8287b46c1545a789e1b569cad35eb, type: 3}
      propertyPath: m_RootOrder
      value: 5
      objectReference: {fileID: 0}
    - target: {fileID: 479528, guid: 6ba8287b46c1545a789e1b569cad35eb, type: 3}
      propertyPath: m_LocalEulerAnglesHint.x
      value: 0
      objectReference: {fileID: 0}
    - target: {fileID: 479528, guid: 6ba8287b46c1545a789e1b569cad35eb, type: 3}
      propertyPath: m_LocalEulerAnglesHint.y
      value: 0
      objectReference: {fileID: 0}
    - target: {fileID: 479528, guid: 6ba8287b46c1545a789e1b569cad35eb, type: 3}
      propertyPath: m_LocalEulerAnglesHint.z
      value: 0
      objectReference: {fileID: 0}
    m_RemovedComponents: []
  m_SourcePrefab: {fileID: 100100000, guid: 6ba8287b46c1545a789e1b569cad35eb, type: 3}
--- !u!1 &1947108125
GameObject:
  m_ObjectHideFlags: 1
  m_CorrespondingSourceObject: {fileID: 0}
  m_PrefabInstance: {fileID: 0}
  m_PrefabAsset: {fileID: 0}
  serializedVersion: 6
  m_Component:
  - component: {fileID: 1947108127}
  - component: {fileID: 1947108126}
  m_Layer: 0
  m_Name: _FungusState
  m_TagString: Untagged
  m_Icon: {fileID: 0}
  m_NavMeshLayer: 0
  m_StaticEditorFlags: 0
  m_IsActive: 1
--- !u!114 &1947108126
MonoBehaviour:
  m_ObjectHideFlags: 1
  m_CorrespondingSourceObject: {fileID: 0}
  m_PrefabInstance: {fileID: 0}
  m_PrefabAsset: {fileID: 0}
  m_GameObject: {fileID: 1947108125}
  m_Enabled: 1
  m_EditorHideFlags: 0
  m_Script: {fileID: 11500000, guid: 61dddfdc5e0e44ca298d8f46f7f5a915, type: 3}
  m_Name: 
  m_EditorClassIdentifier: 
  selectedFlowchart: {fileID: 1360515391}
--- !u!4 &1947108127
Transform:
  m_ObjectHideFlags: 1
  m_CorrespondingSourceObject: {fileID: 0}
  m_PrefabInstance: {fileID: 0}
  m_PrefabAsset: {fileID: 0}
  m_GameObject: {fileID: 1947108125}
  m_LocalRotation: {x: 0, y: 0, z: 0, w: 1}
  m_LocalPosition: {x: 0, y: 0, z: 0}
  m_LocalScale: {x: 1, y: 1, z: 1}
  m_Children: []
  m_Father: {fileID: 0}
  m_RootOrder: 7
  m_LocalEulerAnglesHint: {x: 0, y: 0, z: 0}
--- !u!1 &2033642839
GameObject:
  m_ObjectHideFlags: 0
  m_CorrespondingSourceObject: {fileID: 0}
  m_PrefabInstance: {fileID: 0}
  m_PrefabAsset: {fileID: 0}
  serializedVersion: 6
  m_Component:
  - component: {fileID: 2033642842}
  - component: {fileID: 2033642841}
  - component: {fileID: 2033642840}
  m_Layer: 0
  m_Name: Main Camera
  m_TagString: MainCamera
  m_Icon: {fileID: 0}
  m_NavMeshLayer: 0
  m_StaticEditorFlags: 0
  m_IsActive: 1
--- !u!81 &2033642840
AudioListener:
  m_ObjectHideFlags: 0
  m_CorrespondingSourceObject: {fileID: 0}
  m_PrefabInstance: {fileID: 0}
  m_PrefabAsset: {fileID: 0}
  m_GameObject: {fileID: 2033642839}
  m_Enabled: 1
--- !u!20 &2033642841
Camera:
  m_ObjectHideFlags: 0
  m_CorrespondingSourceObject: {fileID: 0}
  m_PrefabInstance: {fileID: 0}
  m_PrefabAsset: {fileID: 0}
  m_GameObject: {fileID: 2033642839}
  m_Enabled: 1
  serializedVersion: 2
  m_ClearFlags: 1
  m_BackGroundColor: {r: 0.19215687, g: 0.3019608, b: 0.4745098, a: 0}
  m_projectionMatrixMode: 1
  m_SensorSize: {x: 36, y: 24}
  m_LensShift: {x: 0, y: 0}
  m_GateFitMode: 2
  m_FocalLength: 50
  m_NormalizedViewPortRect:
    serializedVersion: 2
    x: 0
    y: 0
    width: 1
    height: 1
  near clip plane: 0.3
  far clip plane: 1000
  field of view: 60
  orthographic: 0
  orthographic size: 5
  m_Depth: -1
  m_CullingMask:
    serializedVersion: 2
    m_Bits: 4294967295
  m_RenderingPath: -1
  m_TargetTexture: {fileID: 0}
  m_TargetDisplay: 0
  m_TargetEye: 3
  m_HDR: 1
  m_AllowMSAA: 1
  m_AllowDynamicResolution: 0
  m_ForceIntoRT: 0
  m_OcclusionCulling: 1
  m_StereoConvergence: 10
  m_StereoSeparation: 0.022
--- !u!4 &2033642842
Transform:
  m_ObjectHideFlags: 0
  m_CorrespondingSourceObject: {fileID: 0}
  m_PrefabInstance: {fileID: 0}
  m_PrefabAsset: {fileID: 0}
  m_GameObject: {fileID: 2033642839}
  m_LocalRotation: {x: 0, y: 0, z: 0, w: 1}
  m_LocalPosition: {x: 0, y: 1, z: -10}
  m_LocalScale: {x: 1, y: 1, z: 1}
  m_Children: []
  m_Father: {fileID: 0}
  m_RootOrder: 0
  m_LocalEulerAnglesHint: {x: 0, y: 0, z: 0}
