%YAML 1.1
%TAG !u! tag:unity3d.com,2011:
--- !u!29 &1
OcclusionCullingSettings:
  m_ObjectHideFlags: 0
  serializedVersion: 2
  m_OcclusionBakeSettings:
    smallestOccluder: 5
    smallestHole: 0.25
    backfaceThreshold: 100
  m_SceneGUID: 00000000000000000000000000000000
  m_OcclusionCullingData: {fileID: 0}
--- !u!104 &2
RenderSettings:
  m_ObjectHideFlags: 0
  serializedVersion: 9
  m_Fog: 0
  m_FogColor: {r: 0.5, g: 0.5, b: 0.5, a: 1}
  m_FogMode: 3
  m_FogDensity: 0.01
  m_LinearFogStart: 0
  m_LinearFogEnd: 300
  m_AmbientSkyColor: {r: 0.212, g: 0.227, b: 0.259, a: 1}
  m_AmbientEquatorColor: {r: 0.114, g: 0.125, b: 0.133, a: 1}
  m_AmbientGroundColor: {r: 0.047, g: 0.043, b: 0.035, a: 1}
  m_AmbientIntensity: 1
  m_AmbientMode: 0
  m_SubtractiveShadowColor: {r: 0.42, g: 0.478, b: 0.627, a: 1}
  m_SkyboxMaterial: {fileID: 10304, guid: 0000000000000000f000000000000000, type: 0}
  m_HaloStrength: 0.5
  m_FlareStrength: 1
  m_FlareFadeSpeed: 3
  m_HaloTexture: {fileID: 0}
  m_SpotCookie: {fileID: 10001, guid: 0000000000000000e000000000000000, type: 0}
  m_DefaultReflectionMode: 0
  m_DefaultReflectionResolution: 128
  m_ReflectionBounces: 1
  m_ReflectionIntensity: 1
  m_CustomReflection: {fileID: 0}
  m_Sun: {fileID: 0}
  m_IndirectSpecularColor: {r: 0.44657898, g: 0.4964133, b: 0.5748178, a: 1}
  m_UseRadianceAmbientProbe: 0
--- !u!157 &3
LightmapSettings:
  m_ObjectHideFlags: 0
  serializedVersion: 11
  m_GIWorkflowMode: 0
  m_GISettings:
    serializedVersion: 2
    m_BounceScale: 1
    m_IndirectOutputScale: 1
    m_AlbedoBoost: 1
    m_EnvironmentLightingMode: 0
    m_EnableBakedLightmaps: 1
    m_EnableRealtimeLightmaps: 1
  m_LightmapEditorSettings:
    serializedVersion: 10
    m_Resolution: 2
    m_BakeResolution: 40
    m_AtlasSize: 1024
    m_AO: 0
    m_AOMaxDistance: 1
    m_CompAOExponent: 1
    m_CompAOExponentDirect: 0
    m_Padding: 2
    m_LightmapParameters: {fileID: 0}
    m_LightmapsBakeMode: 1
    m_TextureCompression: 1
    m_FinalGather: 0
    m_FinalGatherFiltering: 1
    m_FinalGatherRayCount: 256
    m_ReflectionCompression: 2
    m_MixedBakeMode: 2
    m_BakeBackend: 1
    m_PVRSampling: 1
    m_PVRDirectSampleCount: 32
    m_PVRSampleCount: 500
    m_PVRBounces: 2
    m_PVRFilterTypeDirect: 0
    m_PVRFilterTypeIndirect: 0
    m_PVRFilterTypeAO: 0
    m_PVRFilteringMode: 1
    m_PVRCulling: 1
    m_PVRFilteringGaussRadiusDirect: 1
    m_PVRFilteringGaussRadiusIndirect: 5
    m_PVRFilteringGaussRadiusAO: 2
    m_PVRFilteringAtrousPositionSigmaDirect: 0.5
    m_PVRFilteringAtrousPositionSigmaIndirect: 2
    m_PVRFilteringAtrousPositionSigmaAO: 1
    m_ShowResolutionOverlay: 1
  m_LightingDataAsset: {fileID: 0}
  m_UseShadowmask: 1
--- !u!196 &4
NavMeshSettings:
  serializedVersion: 2
  m_ObjectHideFlags: 0
  m_BuildSettings:
    serializedVersion: 2
    agentTypeID: 0
    agentRadius: 0.5
    agentHeight: 2
    agentSlope: 45
    agentClimb: 0.4
    ledgeDropHeight: 0
    maxJumpAcrossDistance: 0
    minRegionArea: 2
    manualCellSize: 0
    cellSize: 0.16666667
    manualTileSize: 0
    tileSize: 256
    accuratePlacement: 0
    debug:
      m_Flags: 0
  m_NavMeshData: {fileID: 0}
--- !u!1001 &316411481
PrefabInstance:
  m_ObjectHideFlags: 0
  serializedVersion: 2
  m_Modification:
    m_TransformParent: {fileID: 0}
    m_Modifications:
    - target: {fileID: 6132234514833173157, guid: 2ee0678986cd2964fa0df39c1115a888,
        type: 3}
      propertyPath: m_Name
      value: TextBox
      objectReference: {fileID: 0}
    - target: {fileID: 5116170062529455644, guid: 2ee0678986cd2964fa0df39c1115a888,
        type: 3}
      propertyPath: m_LocalPosition.x
      value: 0
      objectReference: {fileID: 0}
    - target: {fileID: 5116170062529455644, guid: 2ee0678986cd2964fa0df39c1115a888,
        type: 3}
      propertyPath: m_LocalPosition.y
      value: 0
      objectReference: {fileID: 0}
    - target: {fileID: 5116170062529455644, guid: 2ee0678986cd2964fa0df39c1115a888,
        type: 3}
      propertyPath: m_LocalPosition.z
      value: 0
      objectReference: {fileID: 0}
    - target: {fileID: 5116170062529455644, guid: 2ee0678986cd2964fa0df39c1115a888,
        type: 3}
      propertyPath: m_LocalRotation.x
      value: 0
      objectReference: {fileID: 0}
    - target: {fileID: 5116170062529455644, guid: 2ee0678986cd2964fa0df39c1115a888,
        type: 3}
      propertyPath: m_LocalRotation.y
      value: 0
      objectReference: {fileID: 0}
    - target: {fileID: 5116170062529455644, guid: 2ee0678986cd2964fa0df39c1115a888,
        type: 3}
      propertyPath: m_LocalRotation.z
      value: 0
      objectReference: {fileID: 0}
    - target: {fileID: 5116170062529455644, guid: 2ee0678986cd2964fa0df39c1115a888,
        type: 3}
      propertyPath: m_LocalRotation.w
      value: 1
      objectReference: {fileID: 0}
    - target: {fileID: 5116170062529455644, guid: 2ee0678986cd2964fa0df39c1115a888,
        type: 3}
      propertyPath: m_RootOrder
      value: 1
      objectReference: {fileID: 0}
    - target: {fileID: 5116170062529455644, guid: 2ee0678986cd2964fa0df39c1115a888,
        type: 3}
      propertyPath: m_LocalEulerAnglesHint.x
      value: 0
      objectReference: {fileID: 0}
    - target: {fileID: 5116170062529455644, guid: 2ee0678986cd2964fa0df39c1115a888,
        type: 3}
      propertyPath: m_LocalEulerAnglesHint.y
      value: 0
      objectReference: {fileID: 0}
    - target: {fileID: 5116170062529455644, guid: 2ee0678986cd2964fa0df39c1115a888,
        type: 3}
      propertyPath: m_LocalEulerAnglesHint.z
      value: 0
      objectReference: {fileID: 0}
    - target: {fileID: 5116170062529455644, guid: 2ee0678986cd2964fa0df39c1115a888,
        type: 3}
      propertyPath: m_AnchoredPosition.x
      value: 0
      objectReference: {fileID: 0}
    - target: {fileID: 5116170062529455644, guid: 2ee0678986cd2964fa0df39c1115a888,
        type: 3}
      propertyPath: m_AnchoredPosition.y
      value: 0
      objectReference: {fileID: 0}
    - target: {fileID: 5116170062529455644, guid: 2ee0678986cd2964fa0df39c1115a888,
        type: 3}
      propertyPath: m_SizeDelta.x
      value: 0
      objectReference: {fileID: 0}
    - target: {fileID: 5116170062529455644, guid: 2ee0678986cd2964fa0df39c1115a888,
        type: 3}
      propertyPath: m_SizeDelta.y
      value: 0
      objectReference: {fileID: 0}
    - target: {fileID: 5116170062529455644, guid: 2ee0678986cd2964fa0df39c1115a888,
        type: 3}
      propertyPath: m_AnchorMin.x
      value: 0
      objectReference: {fileID: 0}
    - target: {fileID: 5116170062529455644, guid: 2ee0678986cd2964fa0df39c1115a888,
        type: 3}
      propertyPath: m_AnchorMin.y
      value: 0
      objectReference: {fileID: 0}
    - target: {fileID: 5116170062529455644, guid: 2ee0678986cd2964fa0df39c1115a888,
        type: 3}
      propertyPath: m_AnchorMax.x
      value: 0
      objectReference: {fileID: 0}
    - target: {fileID: 5116170062529455644, guid: 2ee0678986cd2964fa0df39c1115a888,
        type: 3}
      propertyPath: m_AnchorMax.y
      value: 0
      objectReference: {fileID: 0}
    - target: {fileID: 5116170062529455644, guid: 2ee0678986cd2964fa0df39c1115a888,
        type: 3}
      propertyPath: m_Pivot.x
      value: 0
      objectReference: {fileID: 0}
    - target: {fileID: 5116170062529455644, guid: 2ee0678986cd2964fa0df39c1115a888,
        type: 3}
      propertyPath: m_Pivot.y
      value: 0
      objectReference: {fileID: 0}
    m_RemovedComponents: []
  m_SourcePrefab: {fileID: 100100000, guid: 2ee0678986cd2964fa0df39c1115a888, type: 3}
--- !u!1 &369357620 stripped
GameObject:
  m_CorrespondingSourceObject: {fileID: 142980, guid: 5e7fbc8d4eb714b279eeeef2262c1e1a,
    type: 3}
  m_PrefabInstance: {fileID: 2130433821}
  m_PrefabAsset: {fileID: 0}
--- !u!114 &369357621
MonoBehaviour:
  m_ObjectHideFlags: 0
  m_CorrespondingSourceObject: {fileID: 0}
  m_PrefabInstance: {fileID: 0}
  m_PrefabAsset: {fileID: 0}
  m_GameObject: {fileID: 369357620}
  m_Enabled: 1
  m_EditorHideFlags: 0
  m_Script: {fileID: 11500000, guid: fb77d0ce495044f6e9feb91b31798e8c, type: 3}
  m_Name: 
  m_EditorClassIdentifier: 
  itemId: 71
  indentLevel: 0
  variable: {fileID: 369357623}
  setOperator: 0
  booleanData:
    booleanRef: {fileID: 0}
    booleanVal: 0
  integerData:
    integerRef: {fileID: 0}
    integerVal: 0
  floatData:
    floatRef: {fileID: 0}
    floatVal: 0
  stringData:
    stringRef: {fileID: 0}
    stringVal: duyen_3a
  animatorData:
    animatorRef: {fileID: 0}
    animatorVal: {fileID: 0}
  audioSourceData:
    audioSourceRef: {fileID: 0}
    audioSourceVal: {fileID: 0}
  colorData:
    colorRef: {fileID: 0}
    colorVal: {r: 0, g: 0, b: 0, a: 0}
  gameObjectData:
    gameObjectRef: {fileID: 0}
    gameObjectVal: {fileID: 0}
  materialData:
    materialRef: {fileID: 0}
    materialVal: {fileID: 0}
  objectData:
    objectRef: {fileID: 0}
    objectVal: {fileID: 0}
  rigidbody2DData:
    rigidbody2DRef: {fileID: 0}
    rigidbody2DVal: {fileID: 0}
  spriteData:
    spriteRef: {fileID: 0}
    spriteVal: {fileID: 0}
  textureData:
    textureRef: {fileID: 0}
    textureVal: {fileID: 0}
  transformData:
    transformRef: {fileID: 0}
    transformVal: {fileID: 0}
  vector2Data:
    vector2Ref: {fileID: 0}
    vector2Val: {x: 0, y: 0}
  vector3Data:
    vector3Ref: {fileID: 0}
    vector3Val: {x: 0, y: 0, z: 0}
--- !u!114 &369357622
MonoBehaviour:
  m_ObjectHideFlags: 2
  m_CorrespondingSourceObject: {fileID: 0}
  m_PrefabInstance: {fileID: 0}
  m_PrefabAsset: {fileID: 0}
  m_GameObject: {fileID: 369357620}
  m_Enabled: 1
  m_EditorHideFlags: 0
  m_Script: {fileID: 11500000, guid: afb91b566ceda411bad1e9d3c3243ecc, type: 3}
  m_Name: 
  m_EditorClassIdentifier: 
  scope: 1
  key: Potion_Mind
  value: 0
--- !u!114 &369357623
MonoBehaviour:
  m_ObjectHideFlags: 2
  m_CorrespondingSourceObject: {fileID: 0}
  m_PrefabInstance: {fileID: 0}
  m_PrefabAsset: {fileID: 0}
  m_GameObject: {fileID: 369357620}
  m_Enabled: 1
  m_EditorHideFlags: 0
  m_Script: {fileID: 11500000, guid: 4580f28dd8581476b810b38eea2f1316, type: 3}
  m_Name: 
  m_EditorClassIdentifier: 
  scope: 1
  key: Next_Appointment
  value: 
--- !u!114 &369357624
MonoBehaviour:
  m_ObjectHideFlags: 2
  m_CorrespondingSourceObject: {fileID: 0}
  m_PrefabInstance: {fileID: 0}
  m_PrefabAsset: {fileID: 0}
  m_GameObject: {fileID: 369357620}
  m_Enabled: 1
  m_EditorHideFlags: 0
  m_Script: {fileID: 11500000, guid: afb91b566ceda411bad1e9d3c3243ecc, type: 3}
  m_Name: 
  m_EditorClassIdentifier: 
  scope: 1
  key: Potion_Will
  value: 0
--- !u!114 &369357625
MonoBehaviour:
  m_ObjectHideFlags: 2
  m_CorrespondingSourceObject: {fileID: 0}
  m_PrefabInstance: {fileID: 0}
  m_PrefabAsset: {fileID: 0}
  m_GameObject: {fileID: 369357620}
  m_Enabled: 1
  m_EditorHideFlags: 0
  m_Script: {fileID: 11500000, guid: 3ac5ce55bc698fa4290939ef6e426501, type: 3}
  m_Name: 
  m_EditorClassIdentifier: 
  itemId: 33
  indentLevel: 0
  display: 1
  stage: {fileID: 0}
  character: {fileID: 2023400585}
  replacedCharacter: {fileID: 0}
  portrait: {fileID: 21300000, guid: 0acac17b87c28c549b41b0a23d7d4922, type: 3}
  offset: 0
  fromPosition: {fileID: 0}
  toPosition: {fileID: 967005304}
  facing: 0
  useDefaultSettings: 1
  fadeDuration: 0.5
  moveDuration: 1
  shiftOffset: {x: 0, y: 0}
  move: 0
  shiftIntoPlace: 0
  waitUntilFinished: 0
--- !u!114 &369357626
MonoBehaviour:
  m_ObjectHideFlags: 2
  m_CorrespondingSourceObject: {fileID: 0}
  m_PrefabInstance: {fileID: 0}
  m_PrefabAsset: {fileID: 0}
  m_GameObject: {fileID: 369357620}
  m_Enabled: 1
  m_EditorHideFlags: 0
  m_Script: {fileID: 11500000, guid: afb91b566ceda411bad1e9d3c3243ecc, type: 3}
  m_Name: 
  m_EditorClassIdentifier: 
  scope: 1
  key: Potion_Charisma
  value: 0
--- !u!114 &369357627
MonoBehaviour:
  m_ObjectHideFlags: 2
  m_CorrespondingSourceObject: {fileID: 0}
  m_PrefabInstance: {fileID: 0}
  m_PrefabAsset: {fileID: 0}
  m_GameObject: {fileID: 369357620}
  m_Enabled: 1
  m_EditorHideFlags: 0
  m_Script: {fileID: 11500000, guid: afb91b566ceda411bad1e9d3c3243ecc, type: 3}
  m_Name: 
  m_EditorClassIdentifier: 
  scope: 1
  key: Potion_Body
  value: 0
--- !u!114 &369357628
MonoBehaviour:
  m_ObjectHideFlags: 0
  m_CorrespondingSourceObject: {fileID: 0}
  m_PrefabInstance: {fileID: 0}
  m_PrefabAsset: {fileID: 0}
  m_GameObject: {fileID: 369357620}
  m_Enabled: 1
  m_EditorHideFlags: 0
  m_Script: {fileID: 11500000, guid: 050fb9e6e72f442b3b883da8a965bdeb, type: 3}
  m_Name: 
  m_EditorClassIdentifier: 
  itemId: 62
  indentLevel: 0
  targetFlowchart: {fileID: 0}
  targetBlock: {fileID: 369357670}
  startLabel:
    stringRef: {fileID: 0}
    stringVal: 
  startIndex: 0
  callMode: 0
--- !u!114 &369357629
MonoBehaviour:
  m_ObjectHideFlags: 0
  m_CorrespondingSourceObject: {fileID: 0}
  m_PrefabInstance: {fileID: 0}
  m_PrefabAsset: {fileID: 0}
  m_GameObject: {fileID: 369357620}
  m_Enabled: 1
  m_EditorHideFlags: 0
  m_Script: {fileID: 11500000, guid: ec422cd568a9c4a31ad7c36d0572b9da, type: 3}
  m_Name: 
  m_EditorClassIdentifier: 
  itemId: 77
  indentLevel: 0
  storyText: Ah, but I must be off. My gratitude is with you, dear apothecary. Expect
    me to return in the future!
  description: 
  character: {fileID: 2023400585}
  portrait: {fileID: 0}
  voiceOverClip: {fileID: 0}
  showAlways: 1
  showCount: 1
  extendPrevious: 0
  fadeWhenDone: 1
  waitForClick: 1
  stopVoiceover: 1
  waitForVO: 0
  setSayDialog: {fileID: 0}
--- !u!114 &369357630 stripped
MonoBehaviour:
  m_CorrespondingSourceObject: {fileID: 11433304, guid: 5e7fbc8d4eb714b279eeeef2262c1e1a,
    type: 3}
  m_PrefabInstance: {fileID: 2130433821}
  m_PrefabAsset: {fileID: 0}
  m_GameObject: {fileID: 369357620}
  m_Enabled: 1
  m_EditorHideFlags: 0
  m_Script: {fileID: 11500000, guid: 3d3d73aef2cfc4f51abf34ac00241f60, type: 3}
  m_Name: 
  m_EditorClassIdentifier: 
--- !u!114 &369357631
MonoBehaviour:
  m_ObjectHideFlags: 0
  m_CorrespondingSourceObject: {fileID: 0}
  m_PrefabInstance: {fileID: 0}
  m_PrefabAsset: {fileID: 0}
  m_GameObject: {fileID: 369357620}
  m_Enabled: 1
  m_EditorHideFlags: 0
  m_Script: {fileID: 11500000, guid: ec422cd568a9c4a31ad7c36d0572b9da, type: 3}
  m_Name: 
  m_EditorClassIdentifier: 
  itemId: 76
  indentLevel: 0
  storyText: I can't fathom why, of course, nor could I elaborate on it further. If
    you wish to assist me, perhaps I can bring more to light.
  description: 
  character: {fileID: 2023400585}
  portrait: {fileID: 0}
  voiceOverClip: {fileID: 0}
  showAlways: 1
  showCount: 1
  extendPrevious: 0
  fadeWhenDone: 1
  waitForClick: 1
  stopVoiceover: 1
  waitForVO: 0
  setSayDialog: {fileID: 0}
--- !u!114 &369357632
MonoBehaviour:
  m_ObjectHideFlags: 2
  m_CorrespondingSourceObject: {fileID: 0}
  m_PrefabInstance: {fileID: 0}
  m_PrefabAsset: {fileID: 0}
  m_GameObject: {fileID: 369357620}
  m_Enabled: 1
  m_EditorHideFlags: 0
  m_Script: {fileID: 11500000, guid: afb91b566ceda411bad1e9d3c3243ecc, type: 3}
  m_Name: 
  m_EditorClassIdentifier: 
  scope: 1
  key: duyen_Mind
  value: 0
--- !u!114 &369357633
MonoBehaviour:
  m_ObjectHideFlags: 2
  m_CorrespondingSourceObject: {fileID: 0}
  m_PrefabInstance: {fileID: 0}
  m_PrefabAsset: {fileID: 0}
  m_GameObject: {fileID: 369357620}
  m_Enabled: 1
  m_EditorHideFlags: 0
  m_Script: {fileID: 11500000, guid: afb91b566ceda411bad1e9d3c3243ecc, type: 3}
  m_Name: 
  m_EditorClassIdentifier: 
  scope: 1
  key: duyen_Will
  value: 0
--- !u!114 &369357634
MonoBehaviour:
  m_ObjectHideFlags: 2
  m_CorrespondingSourceObject: {fileID: 0}
  m_PrefabInstance: {fileID: 0}
  m_PrefabAsset: {fileID: 0}
  m_GameObject: {fileID: 369357620}
  m_Enabled: 1
  m_EditorHideFlags: 0
  m_Script: {fileID: 11500000, guid: afb91b566ceda411bad1e9d3c3243ecc, type: 3}
  m_Name: 
  m_EditorClassIdentifier: 
  scope: 1
  key: duyen_Charisma
  value: 0
--- !u!114 &369357635
MonoBehaviour:
  m_ObjectHideFlags: 2
  m_CorrespondingSourceObject: {fileID: 0}
  m_PrefabInstance: {fileID: 0}
  m_PrefabAsset: {fileID: 0}
  m_GameObject: {fileID: 369357620}
  m_Enabled: 1
  m_EditorHideFlags: 0
  m_Script: {fileID: 11500000, guid: afb91b566ceda411bad1e9d3c3243ecc, type: 3}
  m_Name: 
  m_EditorClassIdentifier: 
  scope: 1
  key: duyen_Body
  value: 0
--- !u!114 &369357636
MonoBehaviour:
  m_ObjectHideFlags: 2
  m_CorrespondingSourceObject: {fileID: 0}
  m_PrefabInstance: {fileID: 0}
  m_PrefabAsset: {fileID: 0}
  m_GameObject: {fileID: 369357620}
  m_Enabled: 1
  m_EditorHideFlags: 0
  m_Script: {fileID: 11500000, guid: 1bef7966140464bd5a3ef4da2ff236b9, type: 3}
  m_Name: 
  m_EditorClassIdentifier: 
  itemId: 60
  indentLevel: 0
  key: Next_Appointment
  variable: {fileID: 369357623}
--- !u!114 &369357637
MonoBehaviour:
  m_ObjectHideFlags: 0
  m_CorrespondingSourceObject: {fileID: 0}
  m_PrefabInstance: {fileID: 0}
  m_PrefabAsset: {fileID: 0}
  m_GameObject: {fileID: 369357620}
  m_Enabled: 1
  m_EditorHideFlags: 0
  m_Script: {fileID: 11500000, guid: ec422cd568a9c4a31ad7c36d0572b9da, type: 3}
  m_Name: 
  m_EditorClassIdentifier: 
  itemId: 75
  indentLevel: 0
  storyText: One thing they mentioned did pique my interest, however. They mentioned
    a brewing conflict with the mountain nation to our north...
  description: 
  character: {fileID: 2023400585}
  portrait: {fileID: 0}
  voiceOverClip: {fileID: 0}
  showAlways: 1
  showCount: 1
  extendPrevious: 0
  fadeWhenDone: 1
  waitForClick: 1
  stopVoiceover: 1
  waitForVO: 0
  setSayDialog: {fileID: 0}
--- !u!114 &369357638
MonoBehaviour:
  m_ObjectHideFlags: 2
  m_CorrespondingSourceObject: {fileID: 0}
  m_PrefabInstance: {fileID: 0}
  m_PrefabAsset: {fileID: 0}
  m_GameObject: {fileID: 369357620}
  m_Enabled: 1
  m_EditorHideFlags: 0
  m_Script: {fileID: 11500000, guid: 1bef7966140464bd5a3ef4da2ff236b9, type: 3}
  m_Name: 
  m_EditorClassIdentifier: 
  itemId: 56
  indentLevel: 0
  key: duyen_Body
  variable: {fileID: 369357635}
--- !u!114 &369357639
MonoBehaviour:
  m_ObjectHideFlags: 0
  m_CorrespondingSourceObject: {fileID: 0}
  m_PrefabInstance: {fileID: 0}
  m_PrefabAsset: {fileID: 0}
  m_GameObject: {fileID: 369357620}
  m_Enabled: 1
  m_EditorHideFlags: 0
  m_Script: {fileID: 11500000, guid: ec422cd568a9c4a31ad7c36d0572b9da, type: 3}
  m_Name: 
  m_EditorClassIdentifier: 
  itemId: 74
  indentLevel: 0
  storyText: Such gratitude shall be provided in the form of my continued patronage.
    If I'm telling the truth, much of what they said went over my head, eh heh...
  description: 
  character: {fileID: 2023400585}
  portrait: {fileID: 0}
  voiceOverClip: {fileID: 0}
  showAlways: 1
  showCount: 1
  extendPrevious: 0
  fadeWhenDone: 1
  waitForClick: 1
  stopVoiceover: 1
  waitForVO: 0
  setSayDialog: {fileID: 0}
--- !u!114 &369357640
MonoBehaviour:
  m_ObjectHideFlags: 0
  m_CorrespondingSourceObject: {fileID: 0}
  m_PrefabInstance: {fileID: 0}
  m_PrefabAsset: {fileID: 0}
  m_GameObject: {fileID: 369357620}
  m_Enabled: 1
  m_EditorHideFlags: 0
  m_Script: {fileID: 11500000, guid: ec422cd568a9c4a31ad7c36d0572b9da, type: 3}
  m_Name: 
  m_EditorClassIdentifier: 
  itemId: 73
  indentLevel: 0
  storyText: Of course, it is thanks to your brilliant concotion skills that gave
    me the slightest push over that proverbial mountain. Thanks are in order.
  description: 
  character: {fileID: 2023400585}
  portrait: {fileID: 0}
  voiceOverClip: {fileID: 0}
  showAlways: 1
  showCount: 1
  extendPrevious: 0
  fadeWhenDone: 1
  waitForClick: 1
  stopVoiceover: 1
  waitForVO: 0
  setSayDialog: {fileID: 0}
--- !u!114 &369357641
MonoBehaviour:
  m_ObjectHideFlags: 0
  m_CorrespondingSourceObject: {fileID: 0}
  m_PrefabInstance: {fileID: 0}
  m_PrefabAsset: {fileID: 0}
  m_GameObject: {fileID: 369357620}
  m_Enabled: 1
  m_EditorHideFlags: 0
  m_Script: {fileID: 11500000, guid: ec422cd568a9c4a31ad7c36d0572b9da, type: 3}
  m_Name: 
  m_EditorClassIdentifier: 
  itemId: 72
  indentLevel: 0
  storyText: My intellect felt absolutely razor sharp. I felt possessed by a higher
    being of knowledge and know-how! All who witnessed were impressed.
  description: 
  character: {fileID: 2023400585}
  portrait: {fileID: 0}
  voiceOverClip: {fileID: 0}
  showAlways: 1
  showCount: 1
  extendPrevious: 0
  fadeWhenDone: 1
  waitForClick: 1
  stopVoiceover: 1
  waitForVO: 0
  setSayDialog: {fileID: 0}
--- !u!114 &369357651
MonoBehaviour:
  m_ObjectHideFlags: 2
  m_CorrespondingSourceObject: {fileID: 0}
  m_PrefabInstance: {fileID: 0}
  m_PrefabAsset: {fileID: 0}
  m_GameObject: {fileID: 369357620}
  m_Enabled: 1
  m_EditorHideFlags: 0
  m_Script: {fileID: 11500000, guid: ec422cd568a9c4a31ad7c36d0572b9da, type: 3}
  m_Name: 
  m_EditorClassIdentifier: 
  itemId: 27
  indentLevel: 0
  storyText: Grand news, my friend, absolutely grand news! You are looking at the
    newest member within the parlimentary body!
  description: 
  character: {fileID: 2023400585}
  portrait: {fileID: 0}
  voiceOverClip: {fileID: 0}
  showAlways: 1
  showCount: 1
  extendPrevious: 0
  fadeWhenDone: 1
  waitForClick: 1
  stopVoiceover: 1
  waitForVO: 0
  setSayDialog: {fileID: 0}
--- !u!114 &369357669
MonoBehaviour:
  m_ObjectHideFlags: 2
  m_CorrespondingSourceObject: {fileID: 0}
  m_PrefabInstance: {fileID: 0}
  m_PrefabAsset: {fileID: 0}
  m_GameObject: {fileID: 369357620}
  m_Enabled: 1
  m_EditorHideFlags: 0
  m_Script: {fileID: 11500000, guid: 45c952ea1ad444e479b570fa242679c5, type: 3}
  m_Name: 
  m_EditorClassIdentifier: 
  itemId: 52
  indentLevel: 0
  duration: 1
  targetView: {fileID: 584041431}
  waitUntilFinished: 1
  targetCamera: {fileID: 0}
--- !u!114 &369357670
MonoBehaviour:
  m_ObjectHideFlags: 2
  m_CorrespondingSourceObject: {fileID: 0}
  m_PrefabInstance: {fileID: 0}
  m_PrefabAsset: {fileID: 0}
  m_GameObject: {fileID: 369357620}
  m_Enabled: 1
  m_EditorHideFlags: 0
  m_Script: {fileID: 11500000, guid: 3d3d73aef2cfc4f51abf34ac00241f60, type: 3}
  m_Name: 
  m_EditorClassIdentifier: 
  nodeRect:
    serializedVersion: 2
    x: 55.92663
    y: 209.88583
    width: 140.10988
    height: 40
  tint: {r: 1, g: 1, b: 1, a: 1}
  useCustomTint: 0
  itemId: 54
  blockName: Variable Saves
  description: 
  eventHandler: {fileID: 0}
  commandList:
  - {fileID: 369357638}
  - {fileID: 369357674}
  - {fileID: 369357673}
  - {fileID: 369357672}
  - {fileID: 369357636}
--- !u!114 &369357672
MonoBehaviour:
  m_ObjectHideFlags: 2
  m_CorrespondingSourceObject: {fileID: 0}
  m_PrefabInstance: {fileID: 0}
  m_PrefabAsset: {fileID: 0}
  m_GameObject: {fileID: 369357620}
  m_Enabled: 1
  m_EditorHideFlags: 0
  m_Script: {fileID: 11500000, guid: 1bef7966140464bd5a3ef4da2ff236b9, type: 3}
  m_Name: 
  m_EditorClassIdentifier: 
  itemId: 59
  indentLevel: 0
  key: duyen_Mind
  variable: {fileID: 369357632}
--- !u!114 &369357673
MonoBehaviour:
  m_ObjectHideFlags: 2
  m_CorrespondingSourceObject: {fileID: 0}
  m_PrefabInstance: {fileID: 0}
  m_PrefabAsset: {fileID: 0}
  m_GameObject: {fileID: 369357620}
  m_Enabled: 1
  m_EditorHideFlags: 0
  m_Script: {fileID: 11500000, guid: 1bef7966140464bd5a3ef4da2ff236b9, type: 3}
  m_Name: 
  m_EditorClassIdentifier: 
  itemId: 58
  indentLevel: 0
  key: duyen_Will
  variable: {fileID: 369357633}
--- !u!114 &369357674
MonoBehaviour:
  m_ObjectHideFlags: 2
  m_CorrespondingSourceObject: {fileID: 0}
  m_PrefabInstance: {fileID: 0}
  m_PrefabAsset: {fileID: 0}
  m_GameObject: {fileID: 369357620}
  m_Enabled: 1
  m_EditorHideFlags: 0
  m_Script: {fileID: 11500000, guid: 1bef7966140464bd5a3ef4da2ff236b9, type: 3}
  m_Name: 
  m_EditorClassIdentifier: 
  itemId: 57
  indentLevel: 0
  key: duyen_Charisma
  variable: {fileID: 369357634}
--- !u!1 &460044403
GameObject:
  m_ObjectHideFlags: 0
  m_CorrespondingSourceObject: {fileID: 0}
  m_PrefabInstance: {fileID: 0}
  m_PrefabAsset: {fileID: 0}
  serializedVersion: 6
  m_Component:
  - component: {fileID: 460044407}
  - component: {fileID: 460044406}
  - component: {fileID: 460044405}
  - component: {fileID: 460044404}
  m_Layer: 0
  m_Name: EventSystem
  m_TagString: Untagged
  m_Icon: {fileID: 0}
  m_NavMeshLayer: 0
  m_StaticEditorFlags: 0
  m_IsActive: 1
--- !u!114 &460044404
MonoBehaviour:
  m_ObjectHideFlags: 0
  m_CorrespondingSourceObject: {fileID: 0}
  m_PrefabInstance: {fileID: 0}
  m_PrefabAsset: {fileID: 0}
  m_GameObject: {fileID: 460044403}
  m_Enabled: 1
  m_EditorHideFlags: 0
  m_Script: {fileID: 1997211142, guid: f5f67c52d1564df4a8936ccd202a3bd8, type: 3}
  m_Name: 
  m_EditorClassIdentifier: 
  m_ForceModuleActive: 0
--- !u!114 &460044405
MonoBehaviour:
  m_ObjectHideFlags: 0
  m_CorrespondingSourceObject: {fileID: 0}
  m_PrefabInstance: {fileID: 0}
  m_PrefabAsset: {fileID: 0}
  m_GameObject: {fileID: 460044403}
  m_Enabled: 1
  m_EditorHideFlags: 0
  m_Script: {fileID: 1077351063, guid: f5f67c52d1564df4a8936ccd202a3bd8, type: 3}
  m_Name: 
  m_EditorClassIdentifier: 
  m_HorizontalAxis: Horizontal
  m_VerticalAxis: Vertical
  m_SubmitButton: Submit
  m_CancelButton: Cancel
  m_InputActionsPerSecond: 10
  m_RepeatDelay: 0.5
  m_ForceModuleActive: 0
--- !u!114 &460044406
MonoBehaviour:
  m_ObjectHideFlags: 0
  m_CorrespondingSourceObject: {fileID: 0}
  m_PrefabInstance: {fileID: 0}
  m_PrefabAsset: {fileID: 0}
  m_GameObject: {fileID: 460044403}
  m_Enabled: 1
  m_EditorHideFlags: 0
  m_Script: {fileID: -619905303, guid: f5f67c52d1564df4a8936ccd202a3bd8, type: 3}
  m_Name: 
  m_EditorClassIdentifier: 
  m_FirstSelected: {fileID: 0}
  m_sendNavigationEvents: 1
  m_DragThreshold: 5
--- !u!4 &460044407
Transform:
  m_ObjectHideFlags: 0
  m_CorrespondingSourceObject: {fileID: 0}
  m_PrefabInstance: {fileID: 0}
  m_PrefabAsset: {fileID: 0}
  m_GameObject: {fileID: 460044403}
  m_LocalRotation: {x: 0, y: 0, z: 0, w: 1}
  m_LocalPosition: {x: 0, y: 0, z: 0}
  m_LocalScale: {x: 1, y: 1, z: 1}
  m_Children: []
  m_Father: {fileID: 0}
  m_RootOrder: 7
  m_LocalEulerAnglesHint: {x: 0, y: 0, z: 0}
--- !u!114 &584041431 stripped
MonoBehaviour:
  m_CorrespondingSourceObject: {fileID: 11400000, guid: e0d427add844a4d9faf970a3afa07583,
    type: 3}
  m_PrefabInstance: {fileID: 1235672322}
  m_PrefabAsset: {fileID: 0}
  m_GameObject: {fileID: 0}
  m_Enabled: 1
  m_EditorHideFlags: 0
  m_Script: {fileID: 11500000, guid: 95c387d3e32404bcc91c60318d766bb1, type: 3}
  m_Name: 
  m_EditorClassIdentifier: 
--- !u!1001 &632099106
PrefabInstance:
  m_ObjectHideFlags: 0
  serializedVersion: 2
  m_Modification:
    m_TransformParent: {fileID: 0}
    m_Modifications:
    - target: {fileID: 110274, guid: c6289d5f8fa843145a2355af9cb09719, type: 3}
      propertyPath: m_Name
      value: Stage
      objectReference: {fileID: 0}
    - target: {fileID: 410270, guid: c6289d5f8fa843145a2355af9cb09719, type: 3}
      propertyPath: m_LocalPosition.x
      value: 0
      objectReference: {fileID: 0}
    - target: {fileID: 410270, guid: c6289d5f8fa843145a2355af9cb09719, type: 3}
      propertyPath: m_LocalPosition.y
      value: 0
      objectReference: {fileID: 0}
    - target: {fileID: 410270, guid: c6289d5f8fa843145a2355af9cb09719, type: 3}
      propertyPath: m_LocalPosition.z
      value: 0
      objectReference: {fileID: 0}
    - target: {fileID: 410270, guid: c6289d5f8fa843145a2355af9cb09719, type: 3}
      propertyPath: m_LocalRotation.x
      value: 0
      objectReference: {fileID: 0}
    - target: {fileID: 410270, guid: c6289d5f8fa843145a2355af9cb09719, type: 3}
      propertyPath: m_LocalRotation.y
      value: 0
      objectReference: {fileID: 0}
    - target: {fileID: 410270, guid: c6289d5f8fa843145a2355af9cb09719, type: 3}
      propertyPath: m_LocalRotation.z
      value: 0
      objectReference: {fileID: 0}
    - target: {fileID: 410270, guid: c6289d5f8fa843145a2355af9cb09719, type: 3}
      propertyPath: m_LocalRotation.w
      value: 1
      objectReference: {fileID: 0}
    - target: {fileID: 410270, guid: c6289d5f8fa843145a2355af9cb09719, type: 3}
      propertyPath: m_RootOrder
      value: 3
      objectReference: {fileID: 0}
    - target: {fileID: 410270, guid: c6289d5f8fa843145a2355af9cb09719, type: 3}
      propertyPath: m_LocalEulerAnglesHint.x
      value: 0
      objectReference: {fileID: 0}
    - target: {fileID: 410270, guid: c6289d5f8fa843145a2355af9cb09719, type: 3}
      propertyPath: m_LocalEulerAnglesHint.y
      value: 0
      objectReference: {fileID: 0}
    - target: {fileID: 410270, guid: c6289d5f8fa843145a2355af9cb09719, type: 3}
      propertyPath: m_LocalEulerAnglesHint.z
      value: 0
      objectReference: {fileID: 0}
    - target: {fileID: 22410280, guid: c6289d5f8fa843145a2355af9cb09719, type: 3}
      propertyPath: m_AnchoredPosition.y
      value: -1196.9998
      objectReference: {fileID: 0}
    - target: {fileID: 22410280, guid: c6289d5f8fa843145a2355af9cb09719, type: 3}
      propertyPath: m_SizeDelta.y
      value: 1197
      objectReference: {fileID: 0}
    - target: {fileID: 22410276, guid: c6289d5f8fa843145a2355af9cb09719, type: 3}
      propertyPath: m_AnchoredPosition.y
      value: -1196.9998
      objectReference: {fileID: 0}
    - target: {fileID: 22410276, guid: c6289d5f8fa843145a2355af9cb09719, type: 3}
      propertyPath: m_SizeDelta.y
      value: 1197
      objectReference: {fileID: 0}
    - target: {fileID: 22410270, guid: c6289d5f8fa843145a2355af9cb09719, type: 3}
      propertyPath: m_AnchoredPosition.y
      value: -1196.9998
      objectReference: {fileID: 0}
    - target: {fileID: 22410270, guid: c6289d5f8fa843145a2355af9cb09719, type: 3}
      propertyPath: m_SizeDelta.y
      value: 1197
      objectReference: {fileID: 0}
    - target: {fileID: 22410272, guid: c6289d5f8fa843145a2355af9cb09719, type: 3}
      propertyPath: m_AnchoredPosition.y
      value: -1196.9998
      objectReference: {fileID: 0}
    - target: {fileID: 22410272, guid: c6289d5f8fa843145a2355af9cb09719, type: 3}
      propertyPath: m_SizeDelta.y
      value: 1197
      objectReference: {fileID: 0}
    - target: {fileID: 22410278, guid: c6289d5f8fa843145a2355af9cb09719, type: 3}
      propertyPath: m_AnchoredPosition.y
      value: -1196.9998
      objectReference: {fileID: 0}
    - target: {fileID: 22410278, guid: c6289d5f8fa843145a2355af9cb09719, type: 3}
      propertyPath: m_SizeDelta.y
      value: 1197
      objectReference: {fileID: 0}
    m_RemovedComponents: []
  m_SourcePrefab: {fileID: 100100000, guid: c6289d5f8fa843145a2355af9cb09719, type: 3}
--- !u!1 &660159047
GameObject:
  m_ObjectHideFlags: 0
  m_CorrespondingSourceObject: {fileID: 0}
  m_PrefabInstance: {fileID: 0}
  m_PrefabAsset: {fileID: 0}
  serializedVersion: 6
  m_Component:
  - component: {fileID: 660159049}
  - component: {fileID: 660159048}
  m_Layer: 0
  m_Name: ShopBG2
  m_TagString: Untagged
  m_Icon: {fileID: 0}
  m_NavMeshLayer: 0
  m_StaticEditorFlags: 0
  m_IsActive: 1
--- !u!212 &660159048
SpriteRenderer:
  m_ObjectHideFlags: 0
  m_CorrespondingSourceObject: {fileID: 0}
  m_PrefabInstance: {fileID: 0}
  m_PrefabAsset: {fileID: 0}
  m_GameObject: {fileID: 660159047}
  m_Enabled: 1
  m_CastShadows: 0
  m_ReceiveShadows: 0
  m_DynamicOccludee: 1
  m_MotionVectors: 1
  m_LightProbeUsage: 1
  m_ReflectionProbeUsage: 1
  m_RenderingLayerMask: 1
  m_RendererPriority: 0
  m_Materials:
  - {fileID: 10754, guid: 0000000000000000f000000000000000, type: 0}
  m_StaticBatchInfo:
    firstSubMesh: 0
    subMeshCount: 0
  m_StaticBatchRoot: {fileID: 0}
  m_ProbeAnchor: {fileID: 0}
  m_LightProbeVolumeOverride: {fileID: 0}
  m_ScaleInLightmap: 1
  m_PreserveUVs: 0
  m_IgnoreNormalsForChartDetection: 0
  m_ImportantGI: 0
  m_StitchLightmapSeams: 0
  m_SelectedEditorRenderState: 0
  m_MinimumChartSize: 4
  m_AutoUVMaxDistance: 0.5
  m_AutoUVMaxAngle: 89
  m_LightmapParameters: {fileID: 0}
  m_SortingLayerID: 0
  m_SortingLayer: 0
  m_SortingOrder: 0
  m_Sprite: {fileID: 21300000, guid: 49c46b809233403418752daeda5a3775, type: 3}
  m_Color: {r: 1, g: 1, b: 1, a: 1}
  m_FlipX: 0
  m_FlipY: 0
  m_DrawMode: 0
  m_Size: {x: 19.2, y: 10.8}
  m_AdaptiveModeThreshold: 0.5
  m_SpriteTileMode: 0
  m_WasSpriteAssigned: 1
  m_MaskInteraction: 0
  m_SpriteSortPoint: 0
--- !u!4 &660159049
Transform:
  m_ObjectHideFlags: 0
  m_CorrespondingSourceObject: {fileID: 0}
  m_PrefabInstance: {fileID: 0}
  m_PrefabAsset: {fileID: 0}
  m_GameObject: {fileID: 660159047}
  m_LocalRotation: {x: 0, y: 0, z: 0, w: 1}
  m_LocalPosition: {x: -23.720001, y: 7.399994, z: 0}
  m_LocalScale: {x: 1.25, y: 1.25, z: 1}
  m_Children: []
  m_Father: {fileID: 0}
  m_RootOrder: 9
  m_LocalEulerAnglesHint: {x: 0, y: 0, z: 0}
--- !u!1001 &718655059
PrefabInstance:
  m_ObjectHideFlags: 0
  serializedVersion: 2
  m_Modification:
    m_TransformParent: {fileID: 0}
    m_Modifications:
    - target: {fileID: 1917037567054738211, guid: 91dd1732262c3264aa33796fed2aaace,
        type: 3}
      propertyPath: m_Name
      value: Duyen
      objectReference: {fileID: 0}
    - target: {fileID: 1690918168419841822, guid: 91dd1732262c3264aa33796fed2aaace,
        type: 3}
      propertyPath: m_LocalPosition.x
      value: 0
      objectReference: {fileID: 0}
    - target: {fileID: 1690918168419841822, guid: 91dd1732262c3264aa33796fed2aaace,
        type: 3}
      propertyPath: m_LocalPosition.y
      value: 0
      objectReference: {fileID: 0}
    - target: {fileID: 1690918168419841822, guid: 91dd1732262c3264aa33796fed2aaace,
        type: 3}
      propertyPath: m_LocalPosition.z
      value: 0
      objectReference: {fileID: 0}
    - target: {fileID: 1690918168419841822, guid: 91dd1732262c3264aa33796fed2aaace,
        type: 3}
      propertyPath: m_LocalRotation.x
      value: 0
      objectReference: {fileID: 0}
    - target: {fileID: 1690918168419841822, guid: 91dd1732262c3264aa33796fed2aaace,
        type: 3}
      propertyPath: m_LocalRotation.y
      value: 0
      objectReference: {fileID: 0}
    - target: {fileID: 1690918168419841822, guid: 91dd1732262c3264aa33796fed2aaace,
        type: 3}
      propertyPath: m_LocalRotation.z
      value: 0
      objectReference: {fileID: 0}
    - target: {fileID: 1690918168419841822, guid: 91dd1732262c3264aa33796fed2aaace,
        type: 3}
      propertyPath: m_LocalRotation.w
      value: 1
      objectReference: {fileID: 0}
    - target: {fileID: 1690918168419841822, guid: 91dd1732262c3264aa33796fed2aaace,
        type: 3}
      propertyPath: m_RootOrder
      value: 2
      objectReference: {fileID: 0}
    - target: {fileID: 1690918168419841822, guid: 91dd1732262c3264aa33796fed2aaace,
        type: 3}
      propertyPath: m_LocalEulerAnglesHint.x
      value: 0
      objectReference: {fileID: 0}
    - target: {fileID: 1690918168419841822, guid: 91dd1732262c3264aa33796fed2aaace,
        type: 3}
      propertyPath: m_LocalEulerAnglesHint.y
      value: 0
      objectReference: {fileID: 0}
    - target: {fileID: 1690918168419841822, guid: 91dd1732262c3264aa33796fed2aaace,
        type: 3}
      propertyPath: m_LocalEulerAnglesHint.z
      value: 0
      objectReference: {fileID: 0}
    m_RemovedComponents: []
  m_SourcePrefab: {fileID: 100100000, guid: 91dd1732262c3264aa33796fed2aaace, type: 3}
--- !u!1 &863026931
GameObject:
  m_ObjectHideFlags: 0
  m_CorrespondingSourceObject: {fileID: 0}
  m_PrefabInstance: {fileID: 0}
  m_PrefabAsset: {fileID: 0}
  serializedVersion: 6
  m_Component:
  - component: {fileID: 863026933}
  - component: {fileID: 863026932}
  m_Layer: 0
  m_Name: Directional Light
  m_TagString: Untagged
  m_Icon: {fileID: 0}
  m_NavMeshLayer: 0
  m_StaticEditorFlags: 0
  m_IsActive: 1
--- !u!108 &863026932
Light:
  m_ObjectHideFlags: 0
  m_CorrespondingSourceObject: {fileID: 0}
  m_PrefabInstance: {fileID: 0}
  m_PrefabAsset: {fileID: 0}
  m_GameObject: {fileID: 863026931}
  m_Enabled: 1
  serializedVersion: 8
  m_Type: 1
  m_Color: {r: 1, g: 0.95686275, b: 0.8392157, a: 1}
  m_Intensity: 1
  m_Range: 10
  m_SpotAngle: 30
  m_CookieSize: 10
  m_Shadows:
    m_Type: 2
    m_Resolution: -1
    m_CustomResolution: -1
    m_Strength: 1
    m_Bias: 0.05
    m_NormalBias: 0.4
    m_NearPlane: 0.2
  m_Cookie: {fileID: 0}
  m_DrawHalo: 0
  m_Flare: {fileID: 0}
  m_RenderMode: 0
  m_CullingMask:
    serializedVersion: 2
    m_Bits: 4294967295
  m_Lightmapping: 4
  m_LightShadowCasterMode: 0
  m_AreaSize: {x: 1, y: 1}
  m_BounceIntensity: 1
  m_ColorTemperature: 6570
  m_UseColorTemperature: 0
  m_ShadowRadius: 0
  m_ShadowAngle: 0
--- !u!4 &863026933
Transform:
  m_ObjectHideFlags: 0
  m_CorrespondingSourceObject: {fileID: 0}
  m_PrefabInstance: {fileID: 0}
  m_PrefabAsset: {fileID: 0}
  m_GameObject: {fileID: 863026931}
  m_LocalRotation: {x: 0.40821788, y: -0.23456968, z: 0.10938163, w: 0.8754261}
  m_LocalPosition: {x: 0, y: 3, z: 0}
  m_LocalScale: {x: 1, y: 1, z: 1}
  m_Children: []
  m_Father: {fileID: 0}
  m_RootOrder: 5
  m_LocalEulerAnglesHint: {x: 50, y: -30, z: 0}
--- !u!224 &967005304 stripped
RectTransform:
  m_CorrespondingSourceObject: {fileID: 22410276, guid: c6289d5f8fa843145a2355af9cb09719,
    type: 3}
  m_PrefabInstance: {fileID: 632099106}
  m_PrefabAsset: {fileID: 0}
--- !u!1 &1183269343
GameObject:
  m_ObjectHideFlags: 1
  m_CorrespondingSourceObject: {fileID: 0}
  m_PrefabInstance: {fileID: 0}
  m_PrefabAsset: {fileID: 0}
  serializedVersion: 6
  m_Component:
  - component: {fileID: 1183269345}
  - component: {fileID: 1183269344}
  m_Layer: 0
  m_Name: _FungusState
  m_TagString: Untagged
  m_Icon: {fileID: 0}
  m_NavMeshLayer: 0
  m_StaticEditorFlags: 0
  m_IsActive: 1
--- !u!114 &1183269344
MonoBehaviour:
  m_ObjectHideFlags: 1
  m_CorrespondingSourceObject: {fileID: 0}
  m_PrefabInstance: {fileID: 0}
  m_PrefabAsset: {fileID: 0}
  m_GameObject: {fileID: 1183269343}
  m_Enabled: 1
  m_EditorHideFlags: 0
  m_Script: {fileID: 11500000, guid: 61dddfdc5e0e44ca298d8f46f7f5a915, type: 3}
  m_Name: 
  m_EditorClassIdentifier: 
  selectedFlowchart: {fileID: 2130433822}
--- !u!4 &1183269345
Transform:
  m_ObjectHideFlags: 1
  m_CorrespondingSourceObject: {fileID: 0}
  m_PrefabInstance: {fileID: 0}
  m_PrefabAsset: {fileID: 0}
  m_GameObject: {fileID: 1183269343}
  m_LocalRotation: {x: 0, y: 0, z: 0, w: 1}
  m_LocalPosition: {x: 0, y: 0, z: 0}
  m_LocalScale: {x: 1, y: 1, z: 1}
  m_Children: []
  m_Father: {fileID: 0}
  m_RootOrder: 6
  m_LocalEulerAnglesHint: {x: 0, y: 0, z: 0}
--- !u!1001 &1235672322
PrefabInstance:
  m_ObjectHideFlags: 0
  serializedVersion: 2
  m_Modification:
    m_TransformParent: {fileID: 0}
    m_Modifications:
    - target: {fileID: 100000, guid: e0d427add844a4d9faf970a3afa07583, type: 3}
      propertyPath: m_Name
      value: ShopBG View
      objectReference: {fileID: 0}
    - target: {fileID: 11400000, guid: e0d427add844a4d9faf970a3afa07583, type: 3}
      propertyPath: viewSize
      value: 6.9635334
      objectReference: {fileID: 0}
    - target: {fileID: 11400000, guid: e0d427add844a4d9faf970a3afa07583, type: 3}
      propertyPath: primaryAspectRatio.x
      value: 5.33
      objectReference: {fileID: 0}
    - target: {fileID: 11400000, guid: e0d427add844a4d9faf970a3afa07583, type: 3}
      propertyPath: secondaryAspectRatio.x
      value: 1.12
      objectReference: {fileID: 0}
    - target: {fileID: 400000, guid: e0d427add844a4d9faf970a3afa07583, type: 3}
      propertyPath: m_LocalPosition.x
      value: -23.7
      objectReference: {fileID: 0}
    - target: {fileID: 400000, guid: e0d427add844a4d9faf970a3afa07583, type: 3}
      propertyPath: m_LocalPosition.y
      value: 7.4
      objectReference: {fileID: 0}
    - target: {fileID: 400000, guid: e0d427add844a4d9faf970a3afa07583, type: 3}
      propertyPath: m_LocalPosition.z
      value: 0
      objectReference: {fileID: 0}
    - target: {fileID: 400000, guid: e0d427add844a4d9faf970a3afa07583, type: 3}
      propertyPath: m_LocalRotation.x
      value: 0
      objectReference: {fileID: 0}
    - target: {fileID: 400000, guid: e0d427add844a4d9faf970a3afa07583, type: 3}
      propertyPath: m_LocalRotation.y
      value: 0
      objectReference: {fileID: 0}
    - target: {fileID: 400000, guid: e0d427add844a4d9faf970a3afa07583, type: 3}
      propertyPath: m_LocalRotation.z
      value: 0
      objectReference: {fileID: 0}
    - target: {fileID: 400000, guid: e0d427add844a4d9faf970a3afa07583, type: 3}
      propertyPath: m_LocalRotation.w
      value: 1
      objectReference: {fileID: 0}
    - target: {fileID: 400000, guid: e0d427add844a4d9faf970a3afa07583, type: 3}
      propertyPath: m_RootOrder
      value: 8
      objectReference: {fileID: 0}
    - target: {fileID: 400000, guid: e0d427add844a4d9faf970a3afa07583, type: 3}
      propertyPath: m_LocalEulerAnglesHint.x
      value: 0
      objectReference: {fileID: 0}
    - target: {fileID: 400000, guid: e0d427add844a4d9faf970a3afa07583, type: 3}
      propertyPath: m_LocalEulerAnglesHint.y
      value: 0
      objectReference: {fileID: 0}
    - target: {fileID: 400000, guid: e0d427add844a4d9faf970a3afa07583, type: 3}
      propertyPath: m_LocalEulerAnglesHint.z
      value: 0
      objectReference: {fileID: 0}
    - target: {fileID: 400000, guid: e0d427add844a4d9faf970a3afa07583, type: 3}
      propertyPath: m_LocalScale.x
      value: 1
      objectReference: {fileID: 0}
    - target: {fileID: 400000, guid: e0d427add844a4d9faf970a3afa07583, type: 3}
      propertyPath: m_LocalScale.y
      value: 1
      objectReference: {fileID: 0}
    m_RemovedComponents: []
  m_SourcePrefab: {fileID: 100100000, guid: e0d427add844a4d9faf970a3afa07583, type: 3}
--- !u!1 &1256463546
GameObject:
  m_ObjectHideFlags: 0
  m_CorrespondingSourceObject: {fileID: 0}
  m_PrefabInstance: {fileID: 0}
  m_PrefabAsset: {fileID: 0}
  serializedVersion: 6
  m_Component:
  - component: {fileID: 1256463549}
  - component: {fileID: 1256463548}
  - component: {fileID: 1256463547}
  m_Layer: 0
  m_Name: Main Camera
  m_TagString: MainCamera
  m_Icon: {fileID: 0}
  m_NavMeshLayer: 0
  m_StaticEditorFlags: 0
  m_IsActive: 1
--- !u!81 &1256463547
AudioListener:
  m_ObjectHideFlags: 0
  m_CorrespondingSourceObject: {fileID: 0}
  m_PrefabInstance: {fileID: 0}
  m_PrefabAsset: {fileID: 0}
  m_GameObject: {fileID: 1256463546}
  m_Enabled: 1
--- !u!20 &1256463548
Camera:
  m_ObjectHideFlags: 0
  m_CorrespondingSourceObject: {fileID: 0}
  m_PrefabInstance: {fileID: 0}
  m_PrefabAsset: {fileID: 0}
  m_GameObject: {fileID: 1256463546}
  m_Enabled: 1
  serializedVersion: 2
  m_ClearFlags: 1
  m_BackGroundColor: {r: 0.19215687, g: 0.3019608, b: 0.4745098, a: 0}
  m_projectionMatrixMode: 1
  m_SensorSize: {x: 36, y: 24}
  m_LensShift: {x: 0, y: 0}
  m_GateFitMode: 2
  m_FocalLength: 50
  m_NormalizedViewPortRect:
    serializedVersion: 2
    x: 0
    y: 0
    width: 1
    height: 1
  near clip plane: 0.3
  far clip plane: 1000
  field of view: 60
  orthographic: 0
  orthographic size: 5
  m_Depth: -1
  m_CullingMask:
    serializedVersion: 2
    m_Bits: 4294967295
  m_RenderingPath: -1
  m_TargetTexture: {fileID: 0}
  m_TargetDisplay: 0
  m_TargetEye: 3
  m_HDR: 1
  m_AllowMSAA: 1
  m_AllowDynamicResolution: 0
  m_ForceIntoRT: 0
  m_OcclusionCulling: 1
  m_StereoConvergence: 10
  m_StereoSeparation: 0.022
--- !u!4 &1256463549
Transform:
  m_ObjectHideFlags: 0
  m_CorrespondingSourceObject: {fileID: 0}
  m_PrefabInstance: {fileID: 0}
  m_PrefabAsset: {fileID: 0}
  m_GameObject: {fileID: 1256463546}
  m_LocalRotation: {x: 0, y: 0, z: 0, w: 1}
  m_LocalPosition: {x: 0, y: 1, z: -10}
  m_LocalScale: {x: 1, y: 1, z: 1}
  m_Children: []
  m_Father: {fileID: 0}
  m_RootOrder: 0
  m_LocalEulerAnglesHint: {x: 0, y: 0, z: 0}
--- !u!114 &2023400585 stripped
MonoBehaviour:
  m_CorrespondingSourceObject: {fileID: 5459065056821896590, guid: 91dd1732262c3264aa33796fed2aaace,
    type: 3}
  m_PrefabInstance: {fileID: 718655059}
  m_PrefabAsset: {fileID: 0}
  m_GameObject: {fileID: 0}
  m_Enabled: 1
  m_EditorHideFlags: 0
  m_Script: {fileID: 11500000, guid: 25fb867d2049d41f597aefdd6b19f598, type: 3}
  m_Name: 
  m_EditorClassIdentifier: 
--- !u!1001 &2130433821
PrefabInstance:
  m_ObjectHideFlags: 0
  serializedVersion: 2
  m_Modification:
    m_TransformParent: {fileID: 0}
    m_Modifications:
    - target: {fileID: 142980, guid: 5e7fbc8d4eb714b279eeeef2262c1e1a, type: 3}
      propertyPath: m_Name
      value: Flowchart
      objectReference: {fileID: 0}
    - target: {fileID: 11433304, guid: 5e7fbc8d4eb714b279eeeef2262c1e1a, type: 3}
      propertyPath: commandList.Array.size
      value: 11
      objectReference: {fileID: 0}
    - target: {fileID: 11433304, guid: 5e7fbc8d4eb714b279eeeef2262c1e1a, type: 3}
      propertyPath: commandList.Array.data[0]
      value: 
      objectReference: {fileID: 369357669}
    - target: {fileID: 11433304, guid: 5e7fbc8d4eb714b279eeeef2262c1e1a, type: 3}
      propertyPath: commandList.Array.data[1]
      value: 
      objectReference: {fileID: 369357625}
    - target: {fileID: 11433304, guid: 5e7fbc8d4eb714b279eeeef2262c1e1a, type: 3}
      propertyPath: blockName
      value: Start
      objectReference: {fileID: 0}
    - target: {fileID: 11433304, guid: 5e7fbc8d4eb714b279eeeef2262c1e1a, type: 3}
      propertyPath: commandList.Array.data[2]
      value: 
      objectReference: {fileID: 369357651}
    - target: {fileID: 11433304, guid: 5e7fbc8d4eb714b279eeeef2262c1e1a, type: 3}
      propertyPath: commandList.Array.data[3]
      value: 
      objectReference: {fileID: 369357641}
    - target: {fileID: 11433304, guid: 5e7fbc8d4eb714b279eeeef2262c1e1a, type: 3}
      propertyPath: commandList.Array.data[4]
      value: 
      objectReference: {fileID: 369357640}
    - target: {fileID: 11433304, guid: 5e7fbc8d4eb714b279eeeef2262c1e1a, type: 3}
      propertyPath: commandList.Array.data[5]
      value: 
      objectReference: {fileID: 369357639}
    - target: {fileID: 11433304, guid: 5e7fbc8d4eb714b279eeeef2262c1e1a, type: 3}
      propertyPath: commandList.Array.data[6]
      value: 
      objectReference: {fileID: 369357637}
    - target: {fileID: 11433304, guid: 5e7fbc8d4eb714b279eeeef2262c1e1a, type: 3}
      propertyPath: commandList.Array.data[7]
      value: 
      objectReference: {fileID: 369357631}
    - target: {fileID: 11433304, guid: 5e7fbc8d4eb714b279eeeef2262c1e1a, type: 3}
      propertyPath: commandList.Array.data[8]
      value: 
      objectReference: {fileID: 369357629}
    - target: {fileID: 11433304, guid: 5e7fbc8d4eb714b279eeeef2262c1e1a, type: 3}
      propertyPath: commandList.Array.data[9]
      value: 
      objectReference: {fileID: 369357621}
    - target: {fileID: 11433304, guid: 5e7fbc8d4eb714b279eeeef2262c1e1a, type: 3}
      propertyPath: commandList.Array.data[10]
      value: 
      objectReference: {fileID: 369357628}
    - target: {fileID: 11433304, guid: 5e7fbc8d4eb714b279eeeef2262c1e1a, type: 3}
      propertyPath: commandList.Array.data[11]
      value: 
      objectReference: {fileID: 369357621}
    - target: {fileID: 11433304, guid: 5e7fbc8d4eb714b279eeeef2262c1e1a, type: 3}
      propertyPath: commandList.Array.data[12]
      value: 
      objectReference: {fileID: 369357628}
    - target: {fileID: 11433304, guid: 5e7fbc8d4eb714b279eeeef2262c1e1a, type: 3}
      propertyPath: commandList.Array.data[13]
      value: 
      objectReference: {fileID: 369357621}
    - target: {fileID: 11433304, guid: 5e7fbc8d4eb714b279eeeef2262c1e1a, type: 3}
      propertyPath: commandList.Array.data[14]
      value: 
      objectReference: {fileID: 0}
    - target: {fileID: 11433304, guid: 5e7fbc8d4eb714b279eeeef2262c1e1a, type: 3}
      propertyPath: commandList.Array.data[15]
      value: 
      objectReference: {fileID: 0}
    - target: {fileID: 467082, guid: 5e7fbc8d4eb714b279eeeef2262c1e1a, type: 3}
      propertyPath: m_LocalPosition.x
      value: 0
      objectReference: {fileID: 0}
    - target: {fileID: 467082, guid: 5e7fbc8d4eb714b279eeeef2262c1e1a, type: 3}
      propertyPath: m_LocalPosition.y
      value: 0
      objectReference: {fileID: 0}
    - target: {fileID: 467082, guid: 5e7fbc8d4eb714b279eeeef2262c1e1a, type: 3}
      propertyPath: m_LocalPosition.z
      value: 0
      objectReference: {fileID: 0}
    - target: {fileID: 467082, guid: 5e7fbc8d4eb714b279eeeef2262c1e1a, type: 3}
      propertyPath: m_LocalRotation.x
      value: 0
      objectReference: {fileID: 0}
    - target: {fileID: 467082, guid: 5e7fbc8d4eb714b279eeeef2262c1e1a, type: 3}
      propertyPath: m_LocalRotation.y
      value: 0
      objectReference: {fileID: 0}
    - target: {fileID: 467082, guid: 5e7fbc8d4eb714b279eeeef2262c1e1a, type: 3}
      propertyPath: m_LocalRotation.z
      value: 0
      objectReference: {fileID: 0}
    - target: {fileID: 467082, guid: 5e7fbc8d4eb714b279eeeef2262c1e1a, type: 3}
      propertyPath: m_LocalRotation.w
      value: 1
      objectReference: {fileID: 0}
    - target: {fileID: 467082, guid: 5e7fbc8d4eb714b279eeeef2262c1e1a, type: 3}
      propertyPath: m_RootOrder
      value: 4
      objectReference: {fileID: 0}
    - target: {fileID: 467082, guid: 5e7fbc8d4eb714b279eeeef2262c1e1a, type: 3}
      propertyPath: m_LocalEulerAnglesHint.x
      value: 0
      objectReference: {fileID: 0}
    - target: {fileID: 467082, guid: 5e7fbc8d4eb714b279eeeef2262c1e1a, type: 3}
      propertyPath: m_LocalEulerAnglesHint.y
      value: 0
      objectReference: {fileID: 0}
    - target: {fileID: 467082, guid: 5e7fbc8d4eb714b279eeeef2262c1e1a, type: 3}
      propertyPath: m_LocalEulerAnglesHint.z
      value: 0
      objectReference: {fileID: 0}
    - target: {fileID: 11430050, guid: 5e7fbc8d4eb714b279eeeef2262c1e1a, type: 3}
      propertyPath: selectedBlocks.Array.size
      value: 1
      objectReference: {fileID: 0}
    - target: {fileID: 11430050, guid: 5e7fbc8d4eb714b279eeeef2262c1e1a, type: 3}
      propertyPath: variables.Array.size
      value: 9
      objectReference: {fileID: 0}
    - target: {fileID: 11430050, guid: 5e7fbc8d4eb714b279eeeef2262c1e1a, type: 3}
      propertyPath: selectedCommands.Array.size
      value: 1
      objectReference: {fileID: 0}
    - target: {fileID: 11430050, guid: 5e7fbc8d4eb714b279eeeef2262c1e1a, type: 3}
      propertyPath: blockViewHeight
      value: 334
      objectReference: {fileID: 0}
    - target: {fileID: 11430050, guid: 5e7fbc8d4eb714b279eeeef2262c1e1a, type: 3}
      propertyPath: scrollPos.x
      value: 511.10626
      objectReference: {fileID: 0}
    - target: {fileID: 11430050, guid: 5e7fbc8d4eb714b279eeeef2262c1e1a, type: 3}
      propertyPath: scrollPos.y
      value: -29.666065
      objectReference: {fileID: 0}
    - target: {fileID: 11430050, guid: 5e7fbc8d4eb714b279eeeef2262c1e1a, type: 3}
      propertyPath: selectedBlocks.Array.data[0]
      value: 
      objectReference: {fileID: 369357630}
    - target: {fileID: 11430050, guid: 5e7fbc8d4eb714b279eeeef2262c1e1a, type: 3}
      propertyPath: variables.Array.data[0]
      value: 
      objectReference: {fileID: 369357627}
    - target: {fileID: 11430050, guid: 5e7fbc8d4eb714b279eeeef2262c1e1a, type: 3}
      propertyPath: variables.Array.data[1]
      value: 
      objectReference: {fileID: 369357626}
    - target: {fileID: 11430050, guid: 5e7fbc8d4eb714b279eeeef2262c1e1a, type: 3}
      propertyPath: variables.Array.data[2]
      value: 
      objectReference: {fileID: 369357624}
    - target: {fileID: 11430050, guid: 5e7fbc8d4eb714b279eeeef2262c1e1a, type: 3}
      propertyPath: variables.Array.data[3]
      value: 
      objectReference: {fileID: 369357622}
    - target: {fileID: 11430050, guid: 5e7fbc8d4eb714b279eeeef2262c1e1a, type: 3}
      propertyPath: selectedCommands.Array.data[0]
      value: 
      objectReference: {fileID: 0}
    - target: {fileID: 11430050, guid: 5e7fbc8d4eb714b279eeeef2262c1e1a, type: 3}
      propertyPath: variables.Array.data[4]
      value: 
      objectReference: {fileID: 369357635}
    - target: {fileID: 11430050, guid: 5e7fbc8d4eb714b279eeeef2262c1e1a, type: 3}
      propertyPath: variables.Array.data[5]
      value: 
      objectReference: {fileID: 369357634}
    - target: {fileID: 11430050, guid: 5e7fbc8d4eb714b279eeeef2262c1e1a, type: 3}
      propertyPath: variables.Array.data[6]
      value: 
      objectReference: {fileID: 369357633}
    - target: {fileID: 11430050, guid: 5e7fbc8d4eb714b279eeeef2262c1e1a, type: 3}
      propertyPath: variables.Array.data[7]
      value: 
      objectReference: {fileID: 369357632}
    - target: {fileID: 11430050, guid: 5e7fbc8d4eb714b279eeeef2262c1e1a, type: 3}
      propertyPath: zoom
      value: 0.9100001
      objectReference: {fileID: 0}
    - target: {fileID: 11430050, guid: 5e7fbc8d4eb714b279eeeef2262c1e1a, type: 3}
      propertyPath: variables.Array.data[8]
      value: 
      objectReference: {fileID: 369357623}
    - target: {fileID: 11430050, guid: 5e7fbc8d4eb714b279eeeef2262c1e1a, type: 3}
      propertyPath: selectedCommands.Array.data[1]
      value: 
      objectReference: {fileID: 0}
    - target: {fileID: 11430050, guid: 5e7fbc8d4eb714b279eeeef2262c1e1a, type: 3}
      propertyPath: selectedCommands.Array.data[2]
      value: 
      objectReference: {fileID: 0}
    - target: {fileID: 11430050, guid: 5e7fbc8d4eb714b279eeeef2262c1e1a, type: 3}
      propertyPath: selectedCommands.Array.data[3]
      value: 
      objectReference: {fileID: 0}
    - target: {fileID: 11430050, guid: 5e7fbc8d4eb714b279eeeef2262c1e1a, type: 3}
      propertyPath: selectedCommands.Array.data[4]
      value: 
      objectReference: {fileID: 0}
    m_RemovedComponents: []
  m_SourcePrefab: {fileID: 100100000, guid: 5e7fbc8d4eb714b279eeeef2262c1e1a, type: 3}
--- !u!114 &2130433822 stripped
MonoBehaviour:
  m_CorrespondingSourceObject: {fileID: 11430050, guid: 5e7fbc8d4eb714b279eeeef2262c1e1a,
    type: 3}
  m_PrefabInstance: {fileID: 2130433821}
  m_PrefabAsset: {fileID: 0}
  m_GameObject: {fileID: 369357620}
  m_Enabled: 1
  m_EditorHideFlags: 0
  m_Script: {fileID: 11500000, guid: 7a334fe2ffb574b3583ff3b18b4792d3, type: 3}
  m_Name: 
  m_EditorClassIdentifier: 
